4612 5838
842 457 1052 584 „Q

139 743 204 794 nes
226 729 376 792 nostroe
393 737 456 788 res
479 713 522 786 in
549 726 619 786 tua
638 707 841 808 potestate
863 712 953 784 sitos
975 723 1077 785 sunt.
1129 713 1181 782 Id
1205 710 1354 806 quidem
1374 735 1528 799 cerum,
1555 714 1658 810 qood
1678 713 1770 784 leae·

146 857 226 950 lege
244 877 314 948 ego
332 851 374 921 in
384 849 586 942 Norvagia
607 847 833 942 religionem
847 845 1056 938 accipiam,
1083 845 1324 940 estproximo
1340 845 1487 940 byeme,
1514 871 1625 941 qvam
1641 849 1758 918 inls-

141 985 279 1056 landia
297 985 436 1078 (legero
444 1034 457 1070 ,
489 981 659 1052 'Iliorum
673 982 795 1076 parvi
816 979 1039 1051 existimem.
1099 979 1194 1050 Tum
1216 1004 1284 1052 rex
1306 974 1509 1048 subridens
1533 982 1758 1076 respondit:

138 1119 226 1189 Hoc
246 1117 288 1186 ln
313 1115 507 1210 Kjartani
533 1114 683 1209 quidem
707 1101 819 1186 vultu
844 1113 1116 1204 conspicuum:
1150 1115 1248 1207 qvod
1271 1114 1460 1206 majorem
1484 1112 1526 1182 in
1552 1113 1759 1184 roboreae

140 1249 261 1320 armis
284 1249 440 1343 reponit
452 1245 671 1340 fiduciam,
708 1271 822 1341 qvam
842 1236 887 1315 in'
905 1244 1031 1314 Tlroro
1053 1255 1125 1313 aut
1144 1245 1281 1315 Odiuo.
1333 1245 1414 1314 Hic
1423 1215 1523 1336 finis
1540 1249 1757 1320 concentui.

137 1381 358 1478 Aliquanto
376 1393 545 1473 tempore
559 1391 655 1472 post
679 1378 795 1449 multi
822 1401 948 1470 regern
973 1374 1258 1447 hortabantur:
1302 1389 1346 1446 ut
1362 1379 1606 1471 Kjartonum
1624 1381 1758 1451 illius-

139 1539 210 1610 qve
236 1515 360 1585 socios
395 1515 450 1582 ed
475 1512 711 1606 religionem·
731 1511 1004 1606 accipiendam
1028 1521 1197 1618 cogeret,
1239 1510 1350 1581 baud
1374 1512 1475 1580 enim
1510 1499 1758 1584 tolerandam
1810 1571 1817 1580 .

131 1643 335 1744 putabant
362 1658 421 1717 tot
442 1669 698 1740 paganorum
722 1643 918 1718 viciniam.
969 1644 1057 1742 Rex
1083 1643 1271 1712 iracunde
1292 1644 1509 1738 respondit:
1543 1669 1583 1716 se
1609 1647 1760 1742 qoiden'e

137 1779 352 1865 arbitrari,
393 1780 537 1848 multos
558 1803 637 1852 esse
662 1777 921 1863 christianos,
959 1774 1094 1870 ovibus
1118 1773 1229 1846 traua
1251 1789 1519 1862 essentmores
1542 1779 1601 1848 ita
1628 1773 1767 1866 ἰηοιιΙ-,ιΔ

133 1913 246 2009 pati,
280 1925 324 1982 ut
346 1911 547 2008 thartam
573 1921 700 2006 atqve
720 1909 834 1979 illius
859 1905 985 1978 sociis.
1043 1903 1249 2002 Equidem,
1283 1906 1428 2001 inqvit,
1464 1912 1566 1980 tales
1586 1912 1665 1982 viri
1691 1913 1761 1997 diu

134 2045 388 2142 exspectandi
404 2055 507 2113 sunt.
547 2041 631 2138 Illa
647 2040 783 2134 leyeme
805 2063 874 2110 rex
895 2038 1023 2108 multa
1045 2039 1165 2107 utilia
1182 2063 1301 2138 opera
1318 2039 1560 2134 perficienda
1583 2044 1738 2114 curavit
1745 2069 1760 2136 ,-
1841 2055 1843 2058 ’

134 2179 196 2249 uti
215 2177 403 2271 templum
421 2171 717 2267 redificandum,
758 2173 996 2266 multumque
1020 2171 1236 2265 emporium
1258 2173 1545 2268 ampliandum.
1597 2175 1650 2245 Id
1674 2162 1759 2272 qei-¹

132 2314 222 2384 clem
248 2308 434 2400 templum
455 2305 609 2375 lulensi
624 2305 734 2397 festo
754 2305 983 2400 perfectum.
1044 2305 1141 2376 Tum
1164 2303 1389 2397 Kjartanns
1412 2307 1494 2377 suis
1514 2307 1635 2378 dixit:
1661 2311 1760 2384 adeo

128 2465 263 2541 prope
281 2442 337 2511 acl
362 2439 548 2534 templum
573 2437 665 2508 illos
686 2457 932 2530 accessuros,
965 2449 1010 2508 ut
1035 2438 1245 2508 christiani
1269 2439 1371 2510 ritus
1394 2441 1587 2512 rationem
1615 2442 1762 2514 intueri

131 2575 299 2674 quirent.
350 2573 440 2648 Hoc
457 2572 577 2644 multi
595 2569 789 2667 probare,
808 2570 1230 2667 'multoqoeilludfore
1254 2571 1536 2646 oblectamenta
1552 2575 1762 2669 affirmare.

130 2711 274 2806 Itaqoe
289 2708 513 2803 thartanus
527 2727 577 2774 ac
591 2707 750 2776 Bollius
776 2729 862 2778 cum
881 2707 1057 2800 ipsorum
1071 2705 1278 2789 comitatu,
1305 2707 1621 2804 sequentiarum
1632 2707 1721 2777 Hal
1737 2739 1762 2771 a.

119 2841 248 2935 fredo
270 2840 476 2936 multisque
501 2837 817 2921 aliisIslonclis‚
856 2837 1042 2930 templum
1061 2837 1206 2909 adiere.
1253 2839 1346 2912 ,Rex
1365 2841 1413 2909 de
1429 2840 1616 2933 religione
1633 2841 1764 2920 multa

128 2999 183 3046 ac
203 2972 352 3040 diserto
367 2969 465 3068 fecit
483 2966 621 3058 cerba:
666 2968 878 3036 christiani
902 2968 1012 3036 illius
1029 2950 1253 3062 ¹orationem
1279 2972 1445 3042 multum
1473 2943 1787 3048 collaudaverei·

128 3107 338 3202 Kjartono
356 3125 404 3170 ac
420 3091 547 3187 sociis,
576 3121 662 3168 cum
686 3099 728 3168 ire
752 3122 825 3169 sua
849 3077 1028 3168 cubicula
1052 3099 1271 3186 rediissent,
1296 3101 1413 3170 multi
1432 3104 1479 3172 de
1495 3127 1540 3170 eo
1556 3126 1764 3189 sermones,

131 3235 321 3335 quomodo
351 3233 454 3325 regis
480 3243 664 3324 aspectus
686 3230 794 3302 visu's
821 3231 893 3321 sit,
933 3214 981 3302 ea
998 3233 1080 3321 die,
1119 3257 1201 3327 qooe
1219 3233 1451 3303 christianis
1464 3255 1611 3305 summo
1628 3258 1761 3307 eorum

121 3371 238 3462 festo
252 3367 441 3462 proxima
461 3363 525 3433 sit.
559 3361 641 3432 Nos
657 3363 771 3452 enim,
799 3365 943 3474 disere,
969 3387 1095 3458 regem
1109 3365 1335 3436 audivimus
1349 3367 1622 3464 affirmantem,
1647 3370 1765 3440 illum

129 3501 357 3599 principem
373 3497 450 3568 leae
463 3505 575 3566 nocte
591 3519 671 3564 esse
686 3507 837 3584 nutum,
860 3496 925 3590 qai
937 3495 1050 3566 nobis
1067 3499 1329 3587 colenducsit,
1347 3501 1381 3571 si
1396 3501 1480 3596 regi
1494 3501 1637 3572 erimus
1656 3503 1760 3591 dicto

131 3635 352 3710 audientes.
399 3630 624 3724 Is'jartanus
639 3627 762 3698 dixit:
788 3629 846 3698 ita
863 3628 961 3700 milti
975 3630 1080 3701 visus
1092 3655 1159 3702 rex
1170 3633 1308 3728 prima
1326 3633 1473 3728 quidem
1491 3635 1581 3724 vice,
1608 3635 1760 3730 qvando

131 3767 254 3839 illum
269 3763 426 3859 aspexi,
453 3773 497 3831 ut
521 3760 658 3833 statim
679 3761 935 3858 intelligerem
955 3763 1069 3839 illum
1088 3765 1465 3860 praestantissimum
1481 3767 1607 3839 cirum
1625 3794 1706 3838 esse
1723 3763 1765 3852 ὃς

127 3909 279 3992 postea
298 3919 446 3993 semper
466 3894 562 3963 talis
578 3891 685 3966 visus
703 3905 784 3983 est,
824 3895 977 3988 qvando
998 3920 1069 3990 ego
1094 3896 1208 3995 illum
1225 3897 1266 3966 in
1283 3883 1534 3968 conventibus
1548 3925 1761 3998 conspexef

132 4033 232 4116 rim,
275 4029 390 4100 bodie
415 4041 547 4098 tamen
572 4037 737 4120 aspectu
759 4025 1053 4120 pulcherrimus
1076 4027 1175 4097 milei
1200 4029 1306 4099 visus
1328 4043 1404 4121 est,
1436 4027 1475 4103 8<
1493 4033 1565 4102 boc
1578 4021 1760 4126 profecto

131 4145 306 4232 maxime
319 4175 544 4232 nostrorum
561 4134 691 4228 rerum
708 4160 895 4230 interesse
912 4157 1105 4248 arbitror,
1132 4172 1176 4228 ut
1193 4161 1317 4249 illum,
1345 4187 1451 4256 qvem
1469 4187 1536 4234 rex
1548 4167 1762 4258 praedicat,

135 4317 275 4368 verum
292 4319 372 4365 esse
385 4295 513 4366 Deum
528 4293 744 4376 credamus,
769 4316 840 4362 nec
855 4292 938 4361 ullo
950 4292 1169 4387 pactojom
1187 4315 1254 4362 rex
1266 4295 1524 4368 vehementius
1534 4299 1760 4372 desiderare
1831 4273 1834 4282 ⁴

130 4439 289 4524 potest,
315 4427 375 4498 uti
395 4453 466 4524 ego
486 4425 713 4519 religionem
733 4423 949 4519 accipiam,
985 4449 1101 4520 qvam
1120 4451 1188 4519 ego
1205 4425 1410 4523 baptizari
1423 4432 1624 4521 desidero,
1646 4435 1762 4529 jam·
1827 4516 1830 4523 Ι

39 4592 48 4602 „
134 4586 209 4659 qve
228 4541 554 4634 noc'mintsotum
568 4556 713 4641 obstat,
731 4557 935 4652 qvominus
949 4557 1057 4628 illico
1068 4582 1192 4652 regem
1205 4563 1443 4653 conveniam,
1467 4566 1669 4660 qvodjorn
1683 4567 1763 4634 acl-

132 4695 399 4790 vesperuscit,
438 4716 564 4788 regem
577 4691 669 4787 jam
693 4691 778 4760 ideo
804 4689 1029 4761 accumbere
1043 4705 1223 4784 autumo,
1261 4722 1409 4792 magna
1429 4711 1563 4772 autem
1584 4691 1803 4767 absume-st

138 4840 207 4898 tur
225 4827 305 4898 diei
319 4852 444 4921 pars,
477 4823 632 4922 qvando
658 4849 728 4894 nos
748 4799 884 4894 'ornnes
909 4826 1004 4896 socii
1027 4825 1329 4920 baptizabimur,
1380 4831 1537 4902 Bellias
1552 4831 1636 4902 lucc
1651 4831 1767 4898 lentus
