4612 5832
940 459 1144 578 Q

240 706 407 776 Galeam
423 726 586 774 auream
595 701 964 801 multisqvegemmis
977 702 1203 776 distinctam
1214 705 1345 800 capite
1355 719 1514 801 gestare
1526 707 1705 799 videbar,·
1729 735 1853 784 meum

238 837 313 909 lroc
326 861 406 909 esse
415 837 608 907 cimelium
624 838 748 907 visum
763 849 832 924 est,
856 838 899 906 icl
909 860 998 908 vero
1014 836 1181 908 maxime
1200 839 1337 926 obesse,
1351 843 1450 935 qvod
1464 841 1626 910 nimium
1636 855 1733 912 esset
1742 868 1852 936 pon-

238 971 333 1052 dus,
373 970 438 1040 vix
453 969 554 1042 enim
573 969 676 1038 lianc
693 969 854 1060 galeam
876 968 1068 1039 sustinere
1092 971 1212 1062 potui
1234 965 1272 1040 8<
1295 985 1418 1066 caput
1433 972 1538 1042 'milri
1565 973 1851 1058 dedicabatur,

238 1123 307 1170 nec
324 1111 452 1170 tamen
472 1099 543 1170 ltoc
563 1101 693 1194 galeae
719 1099 815 1171 vitio
839 1098 1051 1190 vertebam,
1087 1125 1159 1194 *nec
1178 1102 1291 1173 illam
1306 1105 1505 1175 demittere
1519 1103 1758 1195 statuebam,
1782 1132 1848 1180 ve-

236 1254 324 1302 rum
349 1232 530 1324 ecapite
561 1232 602 1300 in
631 1231 935 1328 Harassjlirdnm
964 1232 1125 1322 decidit,
1178 1245 1327 1331 tumqve
1348 1257 1368 1303 e
1392 1259 1525 1305 somno
1550 1237 1723 1306 excitata
1752 1263 1846 1310 sum.

238 1363 383 1434 Omnia
392 1365 481 1457 jam
498 1361 568 1433 tibi
582 1363 666 1433 dixi
683 1365 844 1434 somnia.
897 1365 974 1436 Ille
990 1364 1212 1458 respondit:
1245 1389 1339 1436 sane
1355 1364 1493 1434 lterum
1518 1366 1753 1440 somniorum
1775 1393 1848 1439 ro·
1870 1356 1875 1368 ’

237 1496 382 1566 tionem
399 1495 490 1566 bene
500 1496 711 1589 perspicio,
737 1519 866 1568 verum
884 1497 1092 1566 admodum
1108 1493 1182 1564 sibi
1198 1497 1339 1566 similis
1357 1496 1428 1567 tibi
1443 1497 1636 1569 videbitur
1649 1499 1848 1593 explana-

238 1629 314 1715 tio,
342 1651 434 1698 nam
462 1629 594 1697 eadem
610 1628 701 1717 fere
723 1630 878 1698 ratione
901 1628 1032 1698 omnia
1059 1607 1357 1721 interpretabor.
1426 1631 1602 1717 Qvatuor
1632 1631 1703 1700 tibi
1733 1645 1847 1702 erunt

237 1760 394 1843 mariti,
433 1773 471 1830 et
491 1760 618 1853 utiqve
643 1760 755 1828 credo
782 1771 817 1826 te
837 1759 969 1852 primo
991 1773 1141 1854 preater
1171 1771 1280 1828 tuam
1301 1760 1541 1830 voluntatem
1567 1763 1759 1834 elocatum
1783 1762 1845 1850 iri,

237 1891 419 1988 siqvidem
441 1891 608 1962 cidarim
624 1913 809 1986 magnam
832 1889 965 1982 capite
982 1904 1139 1984 gestare
1148 1914 1364 1986 parumqve
1381 1917 1466 1962 eom
1482 1895 1682 1964 convenire
1699 1893 1847 1964 somni-

237 2023 353 2116 abas,
380 2025 548 2118 ideoqve
566 2025 678 2094 illum
692 2047 839 2116 parum
857 1996 1846 2118 diliges&qvandoqvidemcidarimecapitesubla-

237 2167 319 2226 tam
340 2155 382 2226 in
404 2177 542 2248 aqvam
560 2154 785 2248 projecisti,
812 2153 861 2224 ab
878 2155 950 2224 lzoc
966 2155 1049 2226 viro
1068 2179 1163 2226 sane
1178 2153 1326 2248 abibis5
1357 2159 1399 2228 in
1416 2181 1525 2227 mare
1538 2157 1643 2250 ¹enim
1653 2156 1847 2251 projicere

234 2311 329 2382 opes
347 2286 547 2373 dicuntur,
571 2286 632 2380 qvi
651 2287 804 2356 eosdem
824 2287 882 2354 ita
898 2285 1105 2382 abjiciunt,
1138 2300 1182 2356 nt
1199 2287 1304 2358 nibil
1323 2312 1399 2381 pro
1416 2289 1499 2358 illis
1516 2289 1722 2382 recipiant.
1775 2287 1846 2356 Se-

230 2395 404 2489 cundum
420 2429 508 2487 erat
519 2418 718 2505 somnium,
741 2419 838 2513 qvod
853 2431 1077 2512 argenteum
1096 2419 1286 2489 annulum
1303 2443 1424 2491 manu
1432 2434 1589 2514 gestare
1607 2418 1679 2488 tibi
1692 2420 1776 2490 visa
1794 2443 1844 2492 es.

239 2551 338 2622 'lum
352 2549 562 2621 alteriviro
573 2551 792 2642 praetenti
808 2551 1017 2642 elocabere,
1044 2553 1157 2624 illum
1175 2553 1342 2622 multum
1358 2553 1511 2648 diliges,
1524 2576 1655 2626 verum
1668 2575 1743 2644 per
1760 2551 1846 2622 exi-

227 2706 354 2780 guum
375 2694 525 2778 tempus
552 2683 661 2753 illius
684 2684 1118 2776 consvetudinefruere,
1142 2709 1209 2754 nec
1221 2685 1364 2758 mirum
1387 2684 1485 2754 milti
1503 2684 1706 2770 videbitur,
1724 2683 1760 2751 si
1778 2682 1846 2752 ille

234 2813 310 2884 tibi
331 2839 432 2912 aqva
458 2813 737 2910 submergetnr5
781 2839 849 2884 nec
863 2817 990 2909 plara
1013 2816 1054 2884 in
1072 2816 1145 2885 boo
1166 2818 1314 2886 somnio
1337 2818 1500 2910 reperio.
1565 2815 1737 2887 Tertium
1758 2825 1846 2883 erat

234 2946 309 3016 tibi
324 2947 512 3015 somnium
518 2996 531 3028 ,
564 2949 662 3039 qvod
679 2912 841 3014 aureum
861 2947 1052 3016 annulum
1075 2971 1195 3016 mann
1211 2961 1369 3040 gestare
1395 2947 1465 3017 tibi
1484 2948 1683 3038 videbare,
1720 2949 1846 3042 itaqve

232 3077 377 3148 tertius
391 3077 466 3145 erit
487 3075 557 3145 tibi
573 3078 652 3164 vir,
689 3099 757 3144 nec
778 3077 845 3144 ille
865 3087 977 3144 tanto
994 3077 1121 3168 stragis
1138 3077 1413 3163 (estimandus,
1447 3091 1589 3172 qvanto
1607 3079 1679 3147 ltoc
1698 3081 1846 3147 metal-

234 3209 317 3279 lum
339 3204 410 3276 tibi
434 3207 569 3276 rarius
586 3219 624 3276 et
641 3206 772 3276 carius
787 3207 910 3278 visum
928 3218 995 3276 est.
1048 3195 1197 3278 ¹Verum
1216 3207 1288 3278 boc
1307 3209 1458 3279 divinat
1475 3207 1641 3295 animus,
1659 3221 1739 3278 tum
1756 3233 1843 3280 mo-

232 3365 322 3412 rum
342 3339 499 3431 factam
515 3340 605 3433 jam
630 3363 710 3407 esse
736 3339 1011 3425 mutationem,
1044 3350 1156 3433 cetqve
1178 3338 1281 3410 ltunc
1306 3351 1414 3410 tuum
1428 3336 1614 3408 maritum
1631 3364 1716 3411 eum
1731 3365 1845 3412 acce-

228 3473 340 3568 pisse
359 3473 490 3560 ritum,
519 3493 622 3565 qvem
639 3494 709 3540 nos
726 3472 849 3542 mullo
867 3469 1063 3540 meliorem
1076 3493 1124 3540 ac
1134 3470 1440 3543 excellentiorem
1445 3469 1722 3567 judicabimus.
1763 3475 1802 3548 V
1801 3499 1846 3544 e-

236 3613 323 3675 rum
340 3604 586 3674 ubionnulus
607 3601 677 3672 tibi
697 3602 871 3672 dissilire
888 3601 1006 3690 visus,
1032 3613 1070 3670 et
1084 3599 1231 3696 qvidem
1248 3602 1382 3698 aliqva
1399 3627 1444 3674 ex
1453 3616 1576 3698 parte
1583 3618 1753 3704 propter
1767 3607 1846 3674 mi-

236 3760 313 3806 nus
331 3748 522 3806 attentam
538 3758 684 3822 curam,
711 3747 749 3804 et
753 3731 946 3824 sroctnrd
965 3734 1189 3828 sangvinem
1207 3734 1403 3806 emittens:
1439 3759 1525 3806 reor
1538 3737 1641 3808 leuna
1658 3737 1845 3807 maritum

237 3865 511 3938 obtruncatum
532 3867 602 3953 iri,
645 3879 792 3961 tumqve
822 3879 858 3936 te
872 3867 1017 3936 multos
1028 3867 1253 3963 perspicere
1271 3868 1386 3961 liujus
1401 3847 1644 3939 matrimonii
1661 3869 1846 3957 desectas,

236 3997 377 4070 rebece.
403 3998 560 4094 Jamqve
573 4000 628 4068 sic
637 3997 847 4092 pergebat:
867 4009 1044 4092 qvartum
1060 4009 1167 4067 tuum
1177 4000 1367 4069 somnium
1377 4011 1476 4087 erat,
1490 4002 1588 4096 qvod
1598 4001 1755 4094 galeam
1770 3999 1847 4066 ceu-¹

236 4154 344 4202 ream
357 4133 584 4226 gemmisqve
600 4131 828 4200 distinctam
844 4129 975 4222 capite
993 4125 1065 4200 tibi
1081 4142 1238 4222 gestare
1254 4130 1452 4220 videbare,
1485 4131 1670 4227 liujusqve
1685 4129 1848 4202 nimium

236 4263 394 4334 sensisti
399 4265 566 4355 pondus.
596 4265 766 4351 Quartus
785 4263 911 4355 itaqve
926 4259 996 4330 tibi
1010 4262 1267 4350 marituserit
1278 4257 1316 4332 8(
1331 4265 1398 4334 ille
1407 4263 1601 4356 dignitate
1615 4263 1760 4358 qvidem
1777 4287 1848 4332 su-

232 4417 394 4487 premus
416 4409 453 4464 et
476 4398 583 4466 velut
608 4396 777 4490 'qvadam
799 4389 965 4487 aegide*)
991 4405 1028 4464 te
1049 4394 1217 4464 maxime
1236 4395 1425 4466 cohibebit
1440 4390 1527 4489 (tibi
1545 4395 1620 4466 erit
1639 4393 1796 4489 terrore)
1810 4390 1848 4465 8t

283 4637 312 4716 Ἴ
331 4639 447 4696 Sensus
473 4639 593 4716 qvidem
618 4657 725 4698 vocum
754 4635 884 4714 ’'AEgis'’
899 4636 955 4695 &²¹
995 4635 1190 4714 gielijeilmr''
1212 4645 1335 4700 omnino
1358 4644 1492 4710 similis,
1524 4642 1663 4720 qeramvis
1685 4658 1746 4696 non
1768 4635 1855 4694 nihil

371 4719 499 4778 diversa
521 4721 727 4780 derivationis
744 4723 846 4786 ratio,
868 4720 977 4776 saltem
1001 4722 1050 4776 ita
1072 4735 1205 4797 apparet
1226 4727 1341 4782 nostris
1363 4721 1559 4802 temporibus.
1605 4727 1748 4798 Namque
1762 4717 1850 4774 nobit

365 4805 441 4878 jam
445 4803 551 4880 placet
567 4821 667 4861 vocem
676 4799 926 4878 ’'AEgielcjcilmr”
937 4802 1080 4862 derivare
1089 4802 1128 4862 ab
1136 4803 1263 4882 ''agia”
1275 4807 1355 4884 qvod
1368 4820 1481 4868 terrere
1488 4799 1751 4884 significa18”lrj
1753 4796 1851 4855 ‹ttmr⁷'
1853 4879 1860 4883 -

1623 4920 1661 4990 R
