4612 5832
864 493 1076 612 „js—9*

159 739 311 814 Deinde
325 737 504 810 Tlrordus
519 739 575 808 ad
592 737 825 810 Saurboeam·
844 762 975 818 versus
999 737 1231 808 occidentem
1254 760 1341 808 cnm
1359 739 1535 810 undecim
1559 739 1778 816 hominibus

160 898 253 969 equa
269 884 399 944 vectus
416 873 472 940 acl
486 871 840 963 opesdividendus,·
875 885 911 944 et
923 872 996 942 lzoc
1010 871 1156 974 quidem
1169 881 1378 966 peractum
1393 870 1534 968 absque
1550 874 1634 943 ulla
1652 878 1733 946 mol
1752 919 1775 933 -

160 1007 253 1091 stia,
269 1005 435 1092 Tltorclo,
458 1005 644 1098 quomodo
662 1002 704 1072 id
719 1017 913 1096 ageretur,
933 1005 1044 1073 haud
1060 1005 1225 1073 multum
1243 1016 1416 1074 curante.
1448 1005 1626 1074 Thordus
1642 1007 1692 1077 ab
1709 1035 1775 1079 oc·-

159 1140 307 1209 cidente
326 1138 492 1230 Longas
520 1137 647 1205 multa
670 1147 853 1206 armenta
877 1135 1018 1229 abegit.
1072 1135 1225 1205 Deinde
1248 1135 1481 1207 Gudrunam
1514 1161 1670 1208 uxorem
1701 1139 1775 1210 sili

153 1271 317 1367 petivit3
366 1267 415 1338 ab
441 1268 583 1339 Osvivo
605 1292 652 1336 ea
673 1267 845 1344 conditio
859 1265 990 1359 facile
1012 1267 1247 1360 impetrata,
1288 1267 1481 1338 Gudrnna
1509 1269 1620 1340 leand
1645 1271 1773 1344 alinu-

157 1413 254 1474 ente.
309 1399 501 1494 Nuptiale
526 1399 745 1472 convicium
766 1400 919 1495 Langis
945 1399 999 1468 ad
1015 1399 1203 1467 decimam
1228 1397 1380 1468 aestatis
1400 1399 1661 1494 septimanam
1678 1429 1773 1476 can-

158 1537 350 1604 stitutnm.
389 1533 440 1603 Id
454 1532 673 1603 convicium
691 1534 901 1603 admodum
920 1541 1008 1602 erat
1028 1527 1287 1622 magnificum.
1333 1531 1367 1601 T
1363 1531 1511 1602 lrordus
1526 1547 1641 1630 atqve
1658 1537 1774 1607 Gud-

157 1691 259 1738 runa
281 1666 400 1757 felici
423 1687 556 1736 amore
579 1667 778 1761 conjugali
804 1665 1025 1738 utebantur.
1079 1663 1130 1732 Id
1147 1665 1373 1755 praesertim
1397 1665 1438 1735 in
1458 1691 1579 1738 cansa
1598 1681 1685 1737 erat
1703 1692 1776 1752 cur

163 1799 391 1870 Tltorkellus
410 1797 574 1868 Catulus
590 1809 706 1894 atqve
719 1801 877 1871 Knutns
893 1795 1295 1888 Tlrordumlngnnnce
1307 1796 1441 1890 filium
1459 1823 1535 1868 non
1559 1801 1600 1868 in
1615 1801 1683 1892 jus
1701 1825 1771 1871 vo-

156 1943 311 2020 carent,
345 1933 447 2028 qcod
471 1931 574 2002 vires
600 1930 683 2001 illis
708 1932 875 2021 defuere.
944 1927 1120 2000 Secunda
1136 1939 1233 2018 post
1252 1941 1391 1998 aestate
1412 1931 1503 2000 Viri
1521 1931 1713 2002 Holenses
1730 1934 1771 2002 in

152 2064 405 2136 Heamsdala
419 2086 566 2158 pecora
584 2060 626 2131 in
644 2061 791 2138 astiris
808 2059 990 2134 tenebant
1004 2057 1188 2153 pascuis,
1217 2058 1271 2128 ihi
1283 2060 1454 2129 Andura
1468 2065 1772 2153 pecoris-custo-

153 2197 233 2268 ‹ttae
248 2179 446 2290 praefuit.¹
485 2195 576 2267 Viri
591 2195 815 2288 Langenses
840 2194 881 2262 in
897 2190 1146 2263 Lambadalo
1168 2216 1315 2284 pecora
1336 2173 1499 2262 tenuere.
1553 2195 1634 2264 Illa
1651 2197 1772 2267 callis

150 2351 290 2400 versus
314 2326 545 2396 occidentem
573 2325 675 2396 inter
699 2337 847 2396 montes
863 2326 975 2420 flexa
995 2321 1444 2418 poneHcammsdalnm
1462 2327 1540 2396 sita
1558 2309 1625 2396 est.
1678 2328 1771 2400 Au-

148 2463 258 2530 dnra
268 2471 492 2553 pastorem,
519 2459 584 2553 qvi
601 2459 985 2568 pecora'custodivit,
1015 2457 1191 2551 rogavit,
1218 2445 1363 2550 quoties
1384 2459 1452 2551 illc
1468 2461 1615 2530 leordi
1626 2473 1772 2553 pasto-

148 2617 235 2664 rem
249 2593 453 2666 convenire
469 2592 621 2662 soleret.
688 2593 766 2664 Ille
784 2587 937 2662 crebros
952 2587 1027 2662 sibi
1043 2612 1128 2658 cnm
1147 2590 1218 2660 illo
1235 2613 1414 2662 occursus
1430 2592 1664 2686 affirmavit,
1703 2617 1772 2664 nec

149 2725 377 2797 mirandum
393 2721 485 2809 ltoc,
512 2747 597 2796 cena
612 2721 654 2794 in
670 2725 802 2794 eadem
821 2725 926 2796 calle
945 2724 1047 2794 inter
1055 2721 1230 2815 stamina
1246 2724 1325 2792 sita
1347 2747 1495 2818 pecora
1519 2725 1769 2796 custodirent.

157 2857 265 2940 Tunc
280 2855 474 2926 Andura:
499 2855 650 2940 Hodie,
678 2855 823 2950 inquit,
848 2855 947 2926 milri
956 2867 1160 2950 pastorem
1177 2856 1418 2950 Langensem
1437 2856 1661 2942 castremus,
1692 2856 1771 2925 mi-

150 2989 269 3082 lziqve
288 2988 467 3078 explora,
492 2984 556 3078 qvi
572 2984 745 3054 homines
763 2986 805 3054 in
828 2985 1037 3055 domiciliis
1053 2985 1298 3078 hyemalibus
1316 2989 1450 3080 quique
1476 2989 1516 3057 in
1536 2987 1684 3058 activis
1700 2991 1782 3066 de-,

148 3131 254 3215 gant
272 3113 310 3186 8<
330 3118 371 3185 in
387 3115 562 3186 omnibns
586 3115 710 3185 amice
730 3117 777 3210 de
807 3114 960 3184 leordo
986 3113 1166 3207 loquare,
1207 3115 1266 3181 nti
1290 3126 1325 3182 te
1351 3117 1466 3185 decet.
1520 3121 1625 3186 Puer
1649 3119 1706 3186 ita
1731 3141 1771 3186 se

143 3229 355 3344 facturum
368 3247 566 3339 promisit.
622 3247 792 3340 Vespere
810 3258 941 3316 autern
962 3267 1048 3313 cum
1063 3255 1208 3337 pastor
1227 3246 1381 3314 domum
1399 3246 1562 3334 rediret,
1594 3271 1695 3318 nova
1714 3249 1771 3318 it-

155 3381 236 3450 lnm
250 3376 422 3449 Andura
439 3379 614 3472 rogavit,
641 3391 793 3474 tumque
807 3387 951 3471 pastor
967 3373 1247 3470 respondebat:
1282 3377 1356 3446 illa
1373 3401 1457 3478 W
1473 3377 1544 3446 tihi
1561 3403 1656 3450 sane
1667 3381 1771 3474 pla·-

156 3510 293 3582 cebunt
309 3535 412 3584 nova
428 3511 656 3606 exploravi:
683 3512 832 3604 Nempe
850 3506 1017 3590 cubiculi
1027 3529 1086 3600 pa
1094 3507 1301 3596 timentum
1309 3507 1343 3604 *)
1364 3508 1466 3580 inter
1490 3511 1636 3586 leorcli
1656 3525 1771 3606 atque

159 3645 362 3738 Gudrunoe
371 3645 549 3716 lecticam
566 3645 632 3714 sat
648 3643 826 3736 amplum
840 3663 939 3729 esse,
965 3641 1040 3710 illa
1054 3641 1154 3710 enim
1172 3640 1211 3710 in
1228 3641 1376 3714 aesticis
1392 3643 1600 3712 domiciliis
1611 3643 1678 3714 ille
1692 3668 1770 3714 au-

158 3787 236 3846 tem
249 3777 353 3845 domi
368 3779 424 3846 acl
435 3776 708 3868 redificandum
719 3773 990 3844 dormitorium
1005 3767 1165 3840 adest&
1176 3771 1400 3868 illeqcidem
1413 3798 1498 3844 cnm
1511 3777 1648 3846 Osvivo
1664 3777 1770 3848 solus

158 3909 202 3974 in
221 3906 463 4000 hyemalibus
479 3909 688 3977 domiciliis
704 3917 976 3976 commoratur.
1040 3903 1212 3974 Pulchre
1228 3905 1467 3996 explorasti,
1493 3909 1594 3976 dixit
1612 3910 1683 3976 illa
1691 3933 1705 3994 ,·
1733 3903 1770 3977 8<

158 4039 315 4134 qvando
344 4054 486 4109 catera
499 4039 674 4130 familia
692 4037 862 4107 cubitum
885 4035 1124 4122 discesserit,
1161 4036 1258 4140 duos
1281 4049 1429 4107 stratos
1453 4041 1630 4108 adducas
1648 4063 1771 4134 equos.

159 4171 308 4240 Pastor
324 4173 555 4266 illinsjnssa
574 4183 784 4242 exsecutus.
817 4165 1037 4262 Aliquanto
1051 4179 1145 4236 ante
1162 4168 1258 4236 solis
1268 4191 1445 4239 occasum
1454 4139 1624 4240 Andura
1637 4195 1772 4266 equum

161 4305 381 4374 conscendit
400 4300 529 4374 &tum
548 4303 695 4398 quidem
720 4297 1011 4372 sanelrraccata
1030 4311 1127 4369 erat.
1183 4301 1331 4370 Pastor
1348 4301 1431 4372 alio
1450 4315 1579 4373 vectus
1595 4329 1685 4400 eqco
1706 4307 1771 4376 cia

162 4433 279 4508 illam.
289 4438 394 4530 sequi
406 4436 560 4530 potuit,
588 4447 703 4507 tanta
720 4435 782 4504 illi
801 4432 954 4503 itineris
958 4431 1048 4523 suit
1057 4433 1283 4522 festinatio.
1316 4435 1569 4507 PerDeserta
1580 4439 1772 4531 Soelings-

163 4565 342 4664 dalensia
358 4569 565 4664 profecta,
589 4567 823 4662 lraucllprius
840 4589 955 4662 qvam
971 4566 1027 4634 ad
1040 4589 1221 4660 aggerem
1236 4569 1327 4662 agri
1345 4570 1543 4640 domestici
1552 4570 1772 4666 Langensis
1850 4597 1859 4614 ·

162 4701 347 4770 constitit.
380 4704 416 4776 Τ
413 4727 476 4774 um
493 4703 722 4772 descendens
740 4698 789 4778 ab
805 4723 909 4794 equo,
917 4709 1135 4792 pastorem,
1153 4701 1244 4770 dnm
1263 4702 1398 4772 villam
1416 4705 1557 4789 adiret,
1574 4727 1686 4800 equos
1704 4725 1773 4770 cu-

205 4871 238 4945 *)
256 4873 401 4938 euticete·
412 4879 627 4958 pavimentum
642 4880 665 4938 i.
683 4897 710 4937 e.
726 4877 930 4936 interstitium
938 4895 951 4952 ,¹
970 4877 1071 4936 solitis
1083 4879 1260 4955 pertusum
1278 4883 1313 4938 in
1325 4881 1455 4940 insolita
1468 4882 1644 4940 translatis.

1518 4999 1578 5065 Su
