4638 5844
890 458 1095 582 „Q

181 718 366 792 indicium
375 739 393 804 ‚⁹
416 713 525 784 baud
544 727 674 784 tamen
692 711 833 782 mirum
854 721 924 793 est,
949 709 982 778 ei
1002 711 1126 782 taient
1143 709 1368 782 violentiam
1386 710 1680 805 aiiqoafiaude
1692 733 1818 788 com-¹

174 875 347 949 pensem.
416 832 531 916 Nunc
555 845 611 913 a'd
628 867 737 914 mare
753 863 980 936 pergamus,
1006 841 1108 912 dixit
1139 844 1374 915 't'nort-ittm.
1437 843 1498 912 Sit
1521 867 1616 940 cane
1637 847 1707 936 ito,
1732 873 1798 920 re-

180 981 342 1082 spondit
356 976 571 1052 Soeinbius.
623 976 730 1046 Dein
747 975 798 1046 ob
814 974 1035 1048 subversum
1053 976 1255 1072 navigium
1272 985 1547 1072 pervenerunt.
1582 969 1586 972 ’
1613 979 1797 1052 Thorttt-

180 1120 243 1190 iun
257 1115 381 1187 dixit:
409 1110 583 1183 occultus
601 1107 749 1205 quidem
770 1108 839 1180 cub
857 1109 950 1182 navi
972 1112 1078 1181 lacae
1092 1121 1160 1180 est.
1187 1173 1192 1182 .
1214 1109 1414 1183 Soeinkiuc
1433 1112 1657 1205 respondit:
1692 1113 1797 1188 eoieo

176 1248 246 1323 cub
260 1247 352 1321 navi
366 1255 616 1316 armamenta
628 1243 976 1329 servarenaoaiia,
997 1242 1087 1340 qaid
1103 1253 1234 1313 autem
1246 1241 1375 1313 obstat
1390 1243 1614 1344 cunaliqvic
1627 1257 1797 1317 oestrum

179 1406 317 1456 navem
338 1377 532 1452 subeatac
546 1376 740 1471 explorem
771 1376 1039 1472 aiiao'cgomet
1059 1371 1204 1461 eubibo,
1230 1374 1265 1444 oi
1295 1375 1350 1445 ad
1368 1375 1440 1446 noc
1456 1376 1563 1450 oobic
1579 1377 1685 1449 deest
1701 1379 1797 1450 ani·

178 1539 286 1608 mue5
315 1525 465 1606 tumqoe
478 1511 563 1604 ipse
579 1506 700 1578 subiit
717 1506 858 1578 navim.
912 1509 962 1580 In
982 1509 1111 1580 eodem
1126 1521 1316 1580 momento
1340 1509 1564 1580 Thorkiliue
1580 1508 1699 1579 hacta
1725 1509 1796 1582 cub

178 1671 318 1720 navem
330 1653 520 1740 porrecta
532 1640 665 1733 femur
682 1640 873 1712 Gunnoro
886 1641 1020 1732 feriit,
1034 1665 1103 1736 qvo
1123 1653 1342 1735 conspecto,
1358 1641 1561 1714 Sveinloiue
1576 1643 1704 1713 cultro
1719 1641 1796 1714 cibi

179 1779 375 1854 sauciavit
382 1780 516 1870 femur
532 1773 772 1868 cultrumque
790 1774 848 1843 ita
861 1771 902 1844 in
920 1773 1080 1844 vulnere
1097 1772 1244 1844 rotavit
1262 1796 1310 1842 ao
1327 1771 1489 1844 sibotto
1498 1773 1649 1864 suiceet
1660 1775 1796 1847 cauci-

177 1927 282 1998 atue‚
301 1906 836 2007 cumqverarcuspraoeniret
852 1905 909 1976 ita
924 1905 1077 1976 locutae
1090 1916 1168 1974 eet:
1194 1903 1407 1976 caudeam
1421 1906 1607 1976 videmini
1619 1907 1796 1978 mihimet
1966 1937 1968 1942 ·

176 2047 220 2119 in
230 2039 587 2138 itacexpioratione
589 2039 824 2133 pepercisse,
834 2060 902 2111 nec
901 2038 1017 2128 joret
1028 2036 1100 2106 hoc
1109 2035 1291 2126 inultum,
1301 2037 1336 2106 oi
1345 2059 1430 2106 cum
1441 2037 1584 2132 oeqoali
1592 2051 1795 2112 eccetcon-

178 2177 425 2252 tendendum.
466 2169 825 2243 Tborkilluodixit:
851 2171 1088 2268 nonqoidem
1099 2181 1135 2240 te
1151 2170 1287 2240 lectum
1302 2169 1410 2242 volui
1415 2194 1429 2260 ,·
1456 2170 1797 2256 cinamomum-j

126 2367 129 2374 .
179 2310 350 2407 ligimus,
364 2329 542 2403 qoaenam
558 2304 649 2376 buia
663 2302 722 2373 rei
739 2302 860 2375 insint
867 2303 1098 2399 praestigiae.
1123 2301 1278 2375 Deinde
1291 2287 1347 2372 ad
1357 2304 1496 2376 ailiam
1507 2305 1708 2376 redierunt
1718 2305 1796 2377 ite-

179 2467 265 2516 rum
277 2465 342 2540 qve
352 2442 615 2535 explorarunt
630 2449 779 2533 tumqoe
795 2421 947 2508 demum
959 2437 1177 2513 discessere.
1217 2435 1324 2506 Tunc
1339 2435 1442 2508 dixit
1457 2437 1658 2510 Socinbiuc
1679 2439 1795 2510 Gan-

178 2601 297 2650 naro:
311 2573 492 2666 hincjam
505 2569 699 2644 nobioerit
708 2568 929 2643 obeundum
942 2564 980 2643 8(
992 2557 1077 2642 euin
1087 2567 1268 2663 deinceps
1278 2568 1487 2658 adsceniie
1497 2571 1671 2662 deduxit,
1685 2595 1793 2643 eum-

178 2707 467 2805 sitqoesoenum
485 2701 631 2797 esoeni
648 2703 886 2801 cumulo,qoi
905 2715 986 2776 tum
1004 2716 1093 2776 erot
1113 2687 1525 2799 concavatuostum'qoe
1541 2727 1691 2774 summa
1708 2727 1795 2776 cum

178 2863 275 2913 cura
296 2839 519 2910 occultavit.
552 2836 777 2908 thot-killos
795 2837 935 2908 iterum
952 2817 1129 2908 reoerouc
1145 2837 1204 2905 ad
1213 2833 1363 2925 saeniie
1377 2837 1569 2930 pervenit.
1595 2837 1796 2910 Soeinkiut

177 2971 455 3062 aircafoenum
477 2967 656 3038 sordibus
670 2970 889 3040 everrendic
904 2982 1139 3063 occupatae,
1159 2969 1317 3063 rogavit
1333 2985 1510 3064 qooenam
1525 2983 1623 3044 enee
1640 2971 1795 3044 itineris
1828 2993 1846 3040 κ

178 3104 299 3188 ratio,
310 3100 707 3196 anqoenuilasutura
727 3113 827 3172 estet
841 3103 1079 3196 explorandi
1084 3099 1194 3194 finio.
1233 3101 1264 3172 t
1264 3101 1458 3172 norkilluo
1467 3106 1624 3198 negavit
1640 3129 1680 3177 ee
1697 3107 1796 3177 ecirc

179 3254 252 3338 qva
263 3235 415 3329 froude
432 3233 786 3344 circumveniretur,
802 3257 870 3305 neo
886 3233 989 3304 dixit
1005 3233 1079 3304 cibi
1091 3236 1252 3330 placere
1272 3239 1358 3306 auin
1377 3259 1398 3306 e
1416 3236 1542 3308 medio
1560 3237 1697 3308 toliere
1714 3237 1795 3309 nici

178 3370 395 3467 neptunius
406 3378 615 3463 comperta.
667 3367 870 3440 Soeinkiuc
890 3367 1013 3438 dixit:
1029 3367 1307 3440 verisimileeet
1323 3371 1425 3464 qood
1433 3381 1571 3442 memet
1581 3370 1797 3460 trucidetis,

179 3505 252 3576 boc
269 3515 399 3574 tomen
417 3500 459 3571 in
478 3500 680 3597 innocente
699 3499 817 3570 nimie
836 3513 974 3574 temere
980 3499 1142 3590 factum
1151 3495 1450 3596 judicabitur&
1463 3505 1614 3599 quidem
1632 3503 1797 3600 aiiqoem

179 3631 388 3708 immolabo
410 3645 617 3728 onteqoam
635 3645 883 3729 prosternar.
953 3633 1060 3704 Dein
1086 3633 1151 3704 ilii
1168 3633 1308 3723 abiere.
1371 3636 1464 3708 lam
1480 3637 1798 3711 dixitSaeinbiuc

177 3769 397 3854 Gunnoro:
425 3767 550 3855 Nunc,
575 3789 648 3860 qoa
668 3765 776 3840 booee
787 3789 866 3861 per
881 3765 1005 3836 nivem
1014 3766 1203 3857 fecerant
1224 3767 1404 3839 cemitcm
1432 3770 1488 3840 ad
1508 3795 1617 3843 mare
1639 3773 1799 3842 deccan-

179 3901 335 3990 'dcmch
362 3919 435 3993 qoo
448 3894 515 3967 ubi
533 3908 689 3969 ventum
706 3908 786 3988 cet,
813 3897 1012 3969 Soeinkius
1027 3899 1262 3970 Gannaram
1280 3899 1335 3969 cic
1353 3901 1592 3995 alioqoitar:
1622 3923 1800 3997 paream

178 4032 244 4105 icio
261 4029 434 4139 incolam
449 4051 578 4123 prope
599 4039 747 4102 terram
773 4027 989 4137 conopici05
1017 4029 1134 4100 nanti
1158 4033 1202 4100 eo
1224 4032 1638 4127 pervenirearduum,
1664 4031 1802 4112 caucia,

180 4164 414 4262 periculum,
440 4172 619 4256 optarem
639 4174 780 4248 tomen,
805 4161 839 4232 ei
847 4184 996 4257 poscet,
1022 4172 1067 4230 ut
1082 4184 1125 4232 eo
1138 4173 1429 4249 transnataret,
1447 4190 1516 4260 ego
1529 4191 1617 4240 aero
1632 4179 1669 4239 te
1685 4189 1800 4261 repe-

186 4311 282 4388 tam,
308 4295 459 4393 qoaado
478 4305 604 4366 tutum
619 4294 704 4367 erit.
759 4296 974 4390 Gunnarue
987 4283 1109 4364 dicit:
1144 4295 1311 4365 multam
1324 4294 1425 4366 mibi
1440 4301 1509 4368 ae‘c
1529 4299 1655 4389 facile
1669 4322 1802 4371 remu-

184 4432 405 4506 nerandam
421 4425 698 4522 benignitatem
718 4425 1035 4515 exbibemeram
1049 4425 1122 4496 hoc
1136 4426 1235 4497 milti
1247 4428 1561 4524 periclitandum
1577 4433 1803 4528 judicarem

187 4565 221 4636 oi
246 4564 306 4636 oei
332 4559 490 4660 longius
510 4573 606 4635 occet
632 4561 864 4632 natandum.
923 4558 1078 4632 Deinde
1099 4583 1186 4632 oum
1205 4559 1380 4632 omnibus
1404 4565 1527 4635 armie
1552 4568 1608 4638 ad
1631 4566 1805 4638 insulam

180 4694 465 4769 transnatavit
476 4744 488 4784 ‚
515 4696 614 4790 qood
630 4695 778 4789 quidem
795 4695 831 4765 ei
845 4693 959 4764 ceecit
978 4693 1070 4766 bene
1085 4687 1123 4766 8<
1136 4693 1172 4763 ci
1197 4695 1367 4766 membra
1380 4696 1536 4793 frigore
1556 4699 1687 4794 rigida
1712 4707 1804 4766 cunt

180 4831 325 4924 sacta,¹
362 4841 513 4925 tumqoc
540 4826 718 4903 decubuit
745 4823 783 4898 ἃ
806 4829 923 4924 ejecto
952 4829 993 4900 in
1027 4829 1148 4902 litora
1165 4828 1267 4922 suco
1287 4855 1369 4934 ecee
1392 4829 1556 4902 obruent
1585 4855 1664 4904 eece
1691 4839 1806 4914 cntra
1856 4865 1858 4870 ·

1443 4963 1609 5058 obbo
