4590 5844
853 503 1066 614 ...Q

152 771 289 844 amque
293 745 396 840 fecit
413 769 452 817 se
472 747 583 842 ligna
596 765 677 837 pro
702 746 848 839 templo
863 743 1095 837 (edificando
1115 745 1244 840 ipsum
1270 746 1572 840 adquisiturum.
1633 751 1762 822 Tltar-

155 881 255 952 lcello
271 903 320 948 ac
337 881 540 950 Gudrunoe
552 877 668 970 filius
673 877 763 968 suit
781 877 961 949 Gellerus
974 875 1144 967 nomine,
1169 877 1273 952 brevi
1287 879 1477 972 optimam
1494 883 1555 950 sui
1569 901 1678 976 spem
1698 910 1769 964 es-

153 1012 299 1084 ltiltens.
351 1011 521 1096 Bollius,
536 1007 665 1078 Bollii
667 1007 796 1100 filius,
799 1033 877 1104 per
895 1010 996 1082 vices
1009 1009 1154 1102 Tuugae
1164 1005 1428 1104 &Helgajelli
1436 1014 1766 1103 commorabatur,

148 1145 298 1239 fuitque
307 1142 495 1214 Snorroni
511 1140 804 1234 acceptissimus
811 1165 826 1228 ,·
856 1139 1084 1211 Tltorleilus
1101 1121 1519 1235 autem,'Balliifilius,
1543 1145 1769 1238 Helgafelli

150 1275 393 1356 morabatur.
453 1276 614 1367 Uterque
628 1273 813 1364 fratrum
833 1295 988 1366 magnas
1014 1283 1181 1344 staturae
1200 1275 1313 1344 horno
1331 1299 1379 1344 ac
1398 1289 1600 1361 strenuus,
1636 1290 1767 1348 tamen
1841 1260 1847 1274 ¹

149 1405 822 1499 Bolliusiaontnibuspraestontior.
846 1404 1502 1498 Tltcrbellusprieigncsadmodum
1516 1409 1640 1478 amice
1652 1423 1766 1480 trao-

152 1543 264 1613 tcoit.
315 1539 406 1610 Iam
418 1537 576 1610 Bollius
592 1538 702 1610 XVI
715 1549 804 1608 erat
827 1558 955 1609 annos
974 1548 1104 1625 natus,
1135 1517 1362 1608 Ttor'teitns
1383 1552 1513 1610 autem
1530 1543 1621 1610 XX.
1660 1543 1766 1612 'Iuno

127 1709 131 1718 ·
155 1672 383 1743 Iliorleikus
400 1671 502 1740 dixit
515 1671 651 1756 matri,
676 1695 715 1740 se
726 1693 892 1764 peregre
907 1667 1107 1764 proficisci
1124 1670 1245 1758 velle,
1272 1693 1365 1740 nam
1378 1684 1603 1763 pertusum,
1629 1672 1764 1766 inquit,

150 1805 249 1875 milti
271 1817 329 1874 est
352 1805 558 1874 mulierum
578 1823 685 1872 more
707 1801 813 1872 domi
837 1821 1045 1872 remanere.
1128 1802 1278 1872 Vellem
1310 1802 1408 1872 mitt
1427 1802 1764 1896 peregrinationis

149 1960 292 2008 merces
304 1935 587 2030 proelterentur.
646 1931 1106 2025 Tltorlcellusrespoadit:
1127 1931 1237 2001 hanel
1251 1932 1350 2002 mitt
1367 1932 1531 2018 videtur,
1547 1937 1645 2025 qood
1658 1936 1763 2005 ochis
1800 1932 1806 1942 ⁴

138 2068 344 2163 fratribus
371 2067 536 2138 multum
561 2063 792 2135 adversatus
817 2064 910 2150 sim,
945 2085 1137 2156 posquam
1177 2061 1373 2156 affinitate
1402 2064 1599 2158 conjuncti
1628 2067 1760 2152 simus,

149 2227 218 2273 neo
229 2201 399 2295 iniquum
415 2197 579 2285 viclstur,
606 2196 640 2264 si
659 2207 702 2266 tu
716 2195 828 2288 cupis
845 2206 1076 2268 coeterorum
1086 2194 1262 2288 gentium
1275 2217 1400 2264 mores
1422 2197 1759 2288 cognoscerc,ncm

137 2337 290 2427 fortem
306 2328 506 2416 levirum,
536 2351 787 2422 quemcunque
804 2328 929 2396 locum
943 2326 1091 2396 adieris
1108 2338 1181 2396 out
1204 2349 1435 2421 quoscunque
1458 2327 1638 2398 honestos
1655 2329 1760 2400 ciros

147 2463 381 2550 conveneris,
398 2459 576 2536 hobitum
592 2459 645 2531 iri
667 2459 826 2553 confido.
885 2452 1113 2528 Tltorleikus
1133 2457 1279 2527 multos
1297 2481 1336 2526 se
1354 2481 1445 2550 opes
1458 2461 1758 2552 postulaturum
1833 2485 1835 2490 ·

147 2597 325 2694 negavit,
359 2592 468 2664 haud
485 2592 599 2678 enim,
615 2591 752 2684 inquit,
770 2601 914 2660 certum
929 2601 1007 2673 est,
1031 2602 1075 2659 ut
1088 2615 1156 2683 ego
1182 2592 1278 2661 illas
1295 2613 1524 2674 conservem,
1556 2593 1591 2658 si
1608 2591 1758 2684 quidem

146 2755 215 2826 ego
235 2751 319 2799 sum
333 2726 558 2796 adolescens
576 2717 763 2792 &multis
781 2722 823 2791 in
836 2713 1073 2791 rebusltaucl
1086 2722 1191 2792 sotis·
1192 2721 1278 2812 fixo
1297 2721 1470 2792 consilio.
1514 2721 1757 2792 *Tlrorkellus
1813 2695 1816 2708 ’

146 2864 260 2934 illum
279 2869 431 2928 tantum
443 2875 568 2926 seeum
583 2852 753 2944 auferre,
779 2863 962 2945 quantum
981 2853 1060 2945 ipsi
1071 2853 1260 2944 placeret,
1274 2853 1411 2943 jussit,
1461 2819 1615 2924 Deinde
1629 2854 1756 2924 Tltor-

144 2995 270 3065 lellus
291 2987 495 3060 Tltorleilro
519 2993 771 3056 commeatum
790 2985 928 3053 celarit
951 2985 991 3052 ln
1009 2985 1111 3066 navi,
1138 3007 1222 3077 qvoe
1236 2985 1537 3075 Do'gurdarnesi
1554 2987 1755 3057 adstabat.

40 3199 44 3218 ,
143 3125 297 3200 Deinde
310 3118 537 3192 leorlellus
552 3115 665 3204 illurn
679 3114 734 3186 acl
749 3137 884 3184 nocem
902 3115 1109 3200 comitatus
1120 3111 1156 3184 8<
1166 3117 1315 3208 quidem
1334 3117 1438 3186 omni
1451 3119 1564 3186 modo
1578 3117 1691 3186 illum
1700 3121 1756 3186 acl

145 3263 221 3330 iter
239 3255 330 3326 bene
346 3249 527 3346 paravit.
578 3247 641 3318 Ec
657 3257 794 3316 astate
812 3245 1040 3316 Iliorleilus
1053 3247 1344 3339 peregrinatus.
1399 3247 1546 3318 Verum
1562 3247 1627 3316 ubi
1646 3250 1754 3318 Nor-

144 3383 501 3484 cogiampcrrenit,
516 3381 844 3465 Olacuseanctus,
858 3379 954 3463 Rex,
980 3401 1139 3450 summa
1154 3401 1283 3450 rerum
1292 3379 1470 3472 prafuit.
1529 3379 1755 3453 Tltorleikus
1771 3435 1774 3440 -

145 3545 269 3617 regem
283 3520 449 3590 Olaeum
459 3515 596 3583 statim
614 3510 803 3584 convenit.
854 3511 939 3584 Rex
950 3508 1063 3580 illum
1080 3509 1170 3580 bene
1183 3511 1331 3604 excepit
1343 3515 1755 3606 atqoegenusagnouit

144 3656 327 3746 illumqoe
349 3649 404 3718 ad
431 3672 471 3716 se
499 3644 693 3716 invitavit.
746 3643 798 3712 Id
817 3641 1045 3712 Tlrorleilus
1068 3642 1182 3714 ltaucl
1205 3656 1463 3740 aspernatus,
1490 3646 1603 3736 apud
1629 3669 1755 3740 regem

138 3808 217 3882 per
241 3784 414 3874 hyemem
437 3773 768 3857 commorabatur,
801 3772 982 3867 illiusque
1009 3775 1162 3844 aulicus
1185 3776 1329 3865 factus
1352 3788 1422 3846 est.
1473 3777 1617 3870 Magni
1643 3780 1756 3850 illum

143 3911 355 3996 aestimavit
374 3931 462 3996 rex,·
502 3906 729 3976 Tltcrleilcus
751 3904 853 3974 enim
873 3904 989 3974 valde
1016 3915 1199 3976 strenuus
1225 3905 1384 3992 habitus
1405 3919 1463 3976 est
1486 3908 1563 3989 vir,
1591 3903 1628 3976 8<
1644 3913 1756 4001 opust

144 4010 452 4144 regem,'0laourrt
463 4039 603 4133 plures
620 4035 766 4130 quidem
781 4056 906 4104 annos
928 4035 1043 4125 clegit.
1094 4037 1188 4114 Iam
1205 4038 1394 4108 cleBollio
1407 4039 1534 4108 Bollii
1547 4038 1645 4128 filio,
1672 4062 1755 4110 me.

143 4177 377 4250 morandum
401 4171 525 4253 venit,
560 4169 657 4264 qvod
684 4167 840 4238 XVIII
866 4189 990 4237 annos
1017 4179 1136 4236 nutus
1159 4191 1245 4238 ecre
1272 4169 1538 4254 Thorkellum,
1574 4172 1754 4244 vitricum

146 4327 256 4384 suurn
274 4333 322 4378 ac
338 4317 502 4378 matrem
517 4301 735 4394 alloquitur
756 4321 901 4392 rogans
915 4347 928 4384 ,
955 4311 998 4367 ut
1011 4311 1226 4391 paternam
1248 4323 1360 4370 suam
1380 4302 1755 4380 soluerentlroeretli-
1827 4301 1831 4308 ’

144 4458 275 4516 tatem.
331 4440 525 4510 Gudruna
550 4412 723 4529 rogaeit',
758 4431 849 4525 qvid
866 4430 933 4500 ille
950 4441 1031 4500 tum
1055 4429 1128 4501 sibi
1143 4435 1419 4524 proposuerit,
1456 4408 1754 4530 quandoquidem

143 4577 292 4647 abillis
318 4597 409 4666 opes
435 4577 660 4664 reposceret.
712 4564 870 4634 Bellius
889 4563 1110 4656 respondit:
1135 4587 1221 4632 mea
1238 4565 1384 4658 quidem
1404 4567 1588 4637 voluutas
1605 4583 1679 4658 est,
1711 4582 1756 4640 ut

144 4710 239 4779 nrilti
258 4729 356 4776 texor
369 4715 546 4798 petatur,
575 4695 612 4770 ἃ
629 4677 935 4794 quidemvellem,
962 4697 1085 4790 inqcit
1099 4696 1266 4780 Bollius,
1294 4697 1353 4766 uti
1373 4710 1415 4767 tu
1429 4697 1655 4770 Tlcorkelle!
1680 4702 1754 4770 ltac

144 4845 184 4912 in
205 4865 245 4910 re
261 4864 319 4909 me
333 4830 556 4930 adjuvares,
582 4833 642 4902 uti
669 4830 759 4900 bene
770 4841 906 4922 posset
918 4829 1137 4924 procedere.
1198 4822 1231 4900 T
1228 4830 1423 4900 ltcrlellus
1438 4833 1611 4923 rogavit,
1644 4857 1755 4926 qoam
