4612 5832
1022 482 1110 554 121

958 583 1167 600 m

251 726 520 824 mundifiliuo',
545 725 856 823 Acbjarnarneci
872 724 913 795 in
931 727 974 799 V
971 725 1123 798 ididalo
1138 725 1358 832 habitabat.
1410 728 1487 800 Ille
1504 731 1761 803 Godmunduo
1779 733 1868 828 opi—

254 862 325 934 bue
346 863 459 936 valde
468 863 641 956 pollent,
674 861 888 932 leuridam
906 884 1063 931 uxorem
1083 858 1156 928 sibi
1169 861 1292 954 petiit
1308 885 1464 956 eamqve
1479 887 1563 934 cnm
1578 867 1714 934 multis
1734 857 1871 958 opibus

254 1009 394 1068 nactus
410 1007 477 1066 est.
516 993 692 1066 Thuriae
703 995 881 1086 prudent
897 1007 986 1063 erat
1001 992 1143 1064 mulier
1158 993 1291 1064 animo
1310 994 1557 1088 aliqvantum
1574 997 1786 1070 vehementi
1805 998 1871 1068 sed

254 1129 584 1222 oaldegeneroco.
652 1125 752 1195 Filii
779 1125 862 1195 illio
889 1136 1005 1195 erant
1027 1124 1198 1210 Hellas,
1230 1127 1411 1215 Bareas,
1448 1131 1603 1199 Steinuo
1620 1142 1657 1200 et
1674 1130 1870 1222 Steingri-

255 1283 352 1330 mue.
406 1259 524 1330 Filioe
549 1269 680 1330 autem
708 1257 900 1330 Gudrana
930 1271 1045 1356 atqve
1071 1255 1199 1346 Olofo.
1258 1253 1503 1354 Thoe-biarga
1528 1263 1646 1332 Olavi
1662 1259 1756 1353 filia
1775 1262 1871 1351 for-

255 1391 736 1467 mosissimaeratmulier
754 1403 870 1486 atqve
889 1392 1025 1486 magni
1048 1388 1207 1460 roboris.
1269 1390 1510 1486 leorbjb'rga
1528 1391 1671 1462 Craosa
1697 1395 1771 1462 illa
1799 1417 1870 1465 vo-

257 1522 445 1618 cabalum·
493 1522 661 1618 Aigeira
684 1537 850 1618 nuptam
876 1526 996 1613 data,
1041 1521 1177 1594 Sancti
1190 1519 1283 1615 filio
1308 1522 1431 1595 nobili
1456 1524 1540 1594 viro
1568 1525 1610 1594 in
1636 1524 1870 1619 Vatnofjdr-

255 1656 375 1728 clo-in
399 1656 554 1750 regione
574 1657 817 1727 occidentali.
871 1657 1038 1726 Illorum
1054 1651 1170 1745 filius
1198 1668 1286 1725 erat
1306 1658 1501 1750 Ix'jortan,
1548 1654 1765 1728 Tleorvalcli
1783 1680 1870 1749 pa-

256 1802 336 1880 ter3
380 1787 597 1860 Tlooroaldi
619 1788 796 1865 Tltordac
809 1801 896 1858 erat
910 1788 1045 1879 filiae,
1085 1787 1148 1856 cui
1160 1785 1276 1877 filias
1301 1790 1449 1858 Snorro
1473 1799 1512 1857 et
1529 1787 1738 1858 Snorronic
1752 1785 1869 1880 filias
1948 1867 1950 1872 Ι

255 1931 344 1992 erat
364 1920 622 2026 Thorvaldno.
677 1920 776 1990 Inde
794 1919 838 1992 V
832 1918 1181 2010 atnofirdingornm
1202 1932 1292 1988 orta
1309 1922 1445 2014 stirps.
1498 1919 1651 1990 Deinde
1671 1921 1713 1990 V
1709 1941 1868 1988 ermun-

256 2055 330 2122 duc
357 2051 577 2146 Thorgrimi
590 2049 706 2144 filino
737 2049 1020 2145 Tleorhjargam
1048 2049 1089 2118 in
1110 2051 1361 2120 matrimonio
1392 2048 1550 2138 habuit,
1598 2051 1756 2120 illoram
1773 2050 1867 2141 filia

253 2198 344 2255 erat
363 2183 575 2276 Tleorfinna
596 2181 818 2252 Thorcteini
831 2183 963 2275 Kaggi
969 2179 1053 2274 filii
1069 2204 1177 2250 uxor.
1230 2181 1456 2276 Bergtleom
1485 2182 1603 2252 Olavi
1625 2180 1713 2271 filia
1741 2179 1868 2250 Thor-
1954 2163 1962 2172 ⁸

249 2315 367 2388 hallo
379 2313 561 2408 pontifici
578 2315 619 2384 in
637 2313 930 2408 Dinpafjorclo,
957 2315 997 2382 in
1014 2313 1168 2407 regione
1190 2314 1434 2402 occidentali,
1457 2326 1546 2382 erat
1570 2325 1709 2407 napta.
1764 2311 1867 2382 llio-

249 2444 463 2538 ramfiliuo
482 2457 570 2516 erat
582 2447 760 2542 anrtme
776 2445 1023 2517 Smidoturloe
1039 2456 1178 2539 pater,
1211 2446 1275 2539 qvi
1300 2445 1496 2516 lliordam
1510 2445 1616 2516 Gillo
1626 2444 1754 2538 filium
1769 2444 1868 2513 ecla-

251 2577 371 2650 cavit.
427 2579 553 2649 Olavo
577 2580 639 2649 Pa
667 2581 793 2649 multa
819 2591 936 2650 erant
960 2577 1103 2647 eximia
1122 2600 1281 2670 pecora.
1340 2579 1495 2648 Taurus
1523 2579 1587 2648 illi
1604 2577 1778 2664 eximius,
1804 2573 1868 2644 cui

247 2733 390 2784 ttamen
408 2709 560 2798 Harri,
592 2713 760 2804 glaucae
785 2713 909 2798 color,
948 2710 1178 2803 magnitudo
1196 2710 1401 2780 solitorum
1420 2711 1761 2805 boumoaperane,
1798 2719 1867 2775 at-

254 2865 326 2936 qve
344 2864 490 2912 cornua
509 2843 583 2914 IV.
645 2843 736 2914 Duo
761 2855 876 2914 erant
898 2865 1044 2936 magna
1061 2853 1175 2932 atqve
1193 2839 1502 2934 palchreflexa,
1539 2845 1696 2912 tertiam
1715 2862 1868 2910 curcum

252 2973 464 3059 directam,
505 2985 687 3066 quartum
704 2997 723 3041 e
729 2974 869 3062 fronte
880 2971 1133 3066 prominebat
1151 2975 1329 3041 deorsam
1344 2986 1437 3042 onte
1452 2973 1762 3066 ocalooslexum5
1796 2971 1868 3042 lioo
1928 2997 1930 3002 ·

252 3104 321 3174 illi
330 3105 387 3172 ad
394 3102 720 3196 perfringendam
724 3105 903 3195 fantiam
913 3103 1081 3197 glaciem
1096 3104 1136 3172 in
1150 3126 1222 3172 uon
1229 3127 1243 3190 ,·
1257 3114 1301 3171 ut
1315 3127 1431 3196 eqvao
1440 3105 1542 3196 pede
1555 3105 1681 3174 nivem
1695 3103 1868 3184 removit,

256 3237 359 3334 qvod
371 3234 507 3304 subtus
525 3247 614 3304 erat
626 3259 792 3328 gramen
801 3247 951 3329 petens.
969 3235 1150 3321 Qvadam
1164 3233 1310 3328 hyeme,
1326 3258 1411 3302 enm
1425 3235 1552 3302 nialla
1561 3257 1709 3327 pecora
1727 3230 1869 3302 interi-

255 3381 363 3458 rent,
388 3389 563 3460 egressus
578 3375 637 3435 est
656 3365 1103 3458 taaruchardarleolto
1121 3367 1161 3434 in
1178 3390 1263 3436 eam
1280 3367 1447 3436 veellinm
1461 3365 1870 3460 Breidasjirdenciam

256 3503 394 3590 locum,
415 3498 577 3594 qvijam
587 3497 839 3568 Harraotadi
857 3510 1029 3570 vocatae.
1054 3496 1148 3566 Hac
1163 3495 1298 3590 hyeme
1315 3521 1400 3568 cum
1415 3499 1526 3570 XVI
1537 3497 1656 3570 habat
1674 3495 1813 3568 ibidem
1831 3518 1870 3565 se

258 3633 384 3704 tenuit
398 3655 595 3726 omneoqve
609 3631 650 3700 in
659 3652 815 3725 pascua
825 3629 999 3700 ducebat.
1029 3631 1073 3701 V
1067 3651 1130 3698 ere
1141 3627 1182 3697 in
1194 3631 1404 3700 domestica
1407 3654 1563 3724 pasena
1579 3631 1697 3701 rediit
1708 3629 1872 3700 inillam

259 3764 398 3853 locum,
420 3764 483 3859 qvi
490 3765 580 3859 jam
588 3761 800 3834 Harralml
813 3775 977 3858 vocatur
991 3763 1032 3831 in
1049 3760 1520 3856 agronardarlzoltenoi.
1555 3763 1711 3834 Harrio
1721 3760 1876 3834 XVIII

258 3918 410 3965 annam
431 3908 567 3990 agente
586 3919 724 3984 corna,
753 3919 824 3990 qvo
849 3897 905 3962 acl
915 3895 1246 3988 perfringendam
1266 3894 1436 3985 glaciem
1456 3897 1712 3989 aoaosaerat,
1742 3893 1874 3984 capite

258 4028 415 4100 decidit.
465 4029 610 4100 Eodem
632 4041 821 4097 autumno
849 4027 997 4096 Olavuo
1023 4049 1107 4094 enm
1138 4025 1366 4093 detruncari
1381 4029 1514 4120 jussit.
1579 4021 1733 4101 Veram'
1744 4047 1875 4119 prax-

260 4163 340 4231 ima
357 4173 450 4255 poct
467 4174 595 4249 nocto,
623 4159 827 4230 insomnio
846 4159 971 4229 Olaeo
990 4158 1075 4230 oica
1091 4159 1233 4226 mulier
1251 4157 1307 4224 ad
1323 4181 1361 4226 ce
1379 4160 1525 4245 venire,
1551 4181 1697 4254 magna
1717 4167 1875 4226 ctotnra

260 4305 300 4368 et
315 4293 426 4364 vulta
445 4293 754 4388 indignabunda.
815 4291 898 4362 llla
917 4289 973 4360 ita
996 4311 1106 4358 orca:
1138 4287 1206 4360 An
1224 4285 1399 4357 dormio?
1440 4291 1517 4362 Ille
1536 4292 1690 4385 vigilem
1707 4315 1745 4360 oe
1763 4289 1878 4383 offic·-

261 4425 395 4493 maoit.
456 4425 606 4496 Mulier
635 4424 756 4496 dixit:
794 4421 942 4492 dormio
964 4423 1137 4518 qvidem‚·
1187 4421 1271 4492 leae
1303 4434 1431 4493 tamen
1464 4447 1548 4519 qvce
1560 4427 1651 4519 jam
1671 4427 1757 4497 dico
1782 4437 1875 4494 rata

262 4567 387 4626 erant.
431 4559 581 4628 Filium
597 4558 695 4628 milei
713 4554 891 4628 occidisti
906 4565 1022 4647 atqve
1038 4554 1164 4622 adme
1186 4553 1483 4647 ignominiosam
1502 4558 1697 4628 remisisti.
1741 4560 1876 4650 Prop-

263 4698 323 4756 ter
338 4687 557 4779 lioecfilium
573 4703 680 4760 tunm
699 4701 822 4759 totam
840 4699 1039 4756 cruentam
1057 4683 1142 4755 med
1161 4683 1283 4779 operti
1308 4688 1542 4781 conspiciet,
1582 4704 1619 4761 et
1645 4692 1756 4760 illum
1783 4711 1877 4758 sane

262 4820 420 4914 eligam,
446 4823 555 4917 cajus
569 4825 772 4917 jacturam
791 4833 834 4901 ,te
857 4819 1024 4890 maxime
1049 4801 1152 4914 oegee
1174 4819 1349 4890 laturam
1371 4823 1470 4905 ocio,
1499 4791 1586 4895 dein
1604 4824 1744 4895 maliet
1765 4818 1875 4888 abiit.

1644 4957 1678 5042 Q
1738 5085 1743 5092 .
