4612 5832
926 467 989 553 78

847 571 1061 591 *-

153 717 258 788 deret
275 716 467 789 annulum
482 689 664 814 magnum
683 741 844 790 aureum
861 718 925 790 ilii
950 717 1121 789 tradidit
1147 730 1261 816 atque
1278 717 1401 790 dixit:
1430 717 1647 814 pretiosum
1663 695 1766 788 hunc
1797 817 1800 824 Ι

152 853 342 922 annulum
362 848 460 919 miti
483 851 648 921 donavit
668 864 806 946 pater,
832 875 917 922 cum
931 851 1057 946 primi
1073 852 1171 922 milti
1187 854 1319 923 dentes
1339 863 1593 920 nascerentur
1610 845 1648 920 8<
1669 873 1764 920 sane

153 995 307 1076 expecto
333 982 446 1052 iilum
468 985 570 1052 Ituna
603 984 794 1052 annulum
824 983 1077 1076 agniturum,
1124 985 1278 1078 qvando
1308 983 1469 1054 eundem
1496 981 1760 1076 conspexerit,-

147 1127 345 1210 praterea
369 1113 433 1182 illi
465 1114 572 1182 dedit
599 1116 769 1184 cultrum
797 1138 881 1184 curn
916 1113 1045 1183 balteo
1078 1117 1223 1186 nutrici
1243 1115 1497 1205 tradendum
1541 1115 1624 1183 hoeo
1647 1113 1761 1206 signa

151 1247 265 1315 illam
288 1247 398 1315 haud
419 1246 721 1339 repudiaturum
733 1247 828 1337 sore
849 1269 981 1339 spero,
1016 1246 1538 1339 atqoeitaeoinsuperdicta
1555 1245 1759 1316 Melkorloo
1804 1331 1808 1338 ι

150 1377 327 1447 addidit:
361 1379 416 1446 ad
440 1379 513 1447 iter
539 1379 680 1472 tejam
700 1377 849 1471 paravi
869 1347 982 1472 qvam
993 1380 1111 1473 potui
1130 1379 1293 1473 optime,
1319 1389 1434 1470 atque
1450 1355 1706 1466 Hibernieam
1726 1387 1762 1443 te

152 1509 328 1601 linguam
354 1509 486 1596 docui,
519 1511 617 1579 adeo
644 1521 687 1579 ut
712 1509 783 1579 tibi
799 1509 965 1604 perinde
989 1533 1068 1580 esse
1091 1511 1321 1593 existimem,
1356 1533 1463 1603 qoem
1478 1508 1519 1576 in
1535 1509 1659 1578 locum
1671 1501 1760 1576 'Hi-

150 1637 294 1710 bernice
309 1638 498 1729 deferare.
550 1644 629 1713 His
651 1643 768 1712 dictis
795 1641 1061 1712 discesserunt.
1131 1642 1275 1713 Statim
1295 1663 1344 1709 ac
1371 1641 1519 1711 Oinous
1544 1641 1600 1708 ad
1627 1637 1760 1708 navim

150 1771 340 1866 pervenit,
372 1775 563 1844 secundus
583 1785 719 1848 ventas
736 1787 893 1846 exortus
912 1787 986 1865 est,
997 1775 1159 1871 jamque
1179 1775 1219 1847 in
1234 1775 1361 1844 altum
1380 1785 1439 1846 est
1454 1772 1696 1867 navigatum.

802 1978 931 2066 CAP.
970 1979 1102 2065 XXI.

346 2137 584 2241 Hiskuidus
607 2174 811 2244 ecomitiis
837 2175 990 2243 rediens
1018 2173 1102 2242 itoec
1120 2195 1221 2243 nova
1240 2171 1428 2265 comperit
1448 2193 1566 2264 eaque
1588 2163 1759 2259 pertulit

153 2299 262 2370 haud
283 2325 391 2395 oeqoo
417 2303 565 2394 animo;
594 2307 662 2375 sed
678 2319 808 2377 tamen
825 2331 909 2375 cum
926 2329 987 2375 res
1002 2307 1057 2375 od
1070 2304 1313 2402 propinqoos
1324 2327 1413 2372 suos
1423 2301 1651 2395 pertineret,
1666 2293 1761 2363 ani-

150 2459 212 2505 mo
233 2443 334 2526 sanej
352 2435 511 2504 sedatus
526 2435 693 2530 quietum
709 2461 787 2508 sese
801 2437 1004 2508 continuit.
1059 2438 1208 2508 Olacus
1228 2449 1343 2530 atque
1362 2433 1457 2502 socii
1475 2442 1630 2502 ventum
1653 2424 1763 2498 nacti

149 2571 358 2638 seeundum
383 2571 440 2637 ad
460 2570 698 2663 Norvegiam
722 2571 976 2664 appulerunt.
1036 2567 1164 2639 Ornus
1186 2568 1353 2638 Olaoum
1366 2563 1547 2637 Haraldi
1567 2559 1670 2654 regis
1684 2581 1764 2630 uu-

149 2699 233 2770 iam
255 2701 368 2768 adire
390 2699 647 2790 hortabatur,
684 2701 887 2794 affirmans
904 2725 1030 2796 regern
1054 2700 1226 2770 homines
1249 2701 1374 2771 otavo
1398 2696 1632 2768 educatione
1653 2691 1763 2762 haud

142 2830 450 2928 praestantiores
475 2833 530 2900 ad
551 2857 735 2926 magnam
761 2833 993 2926 dignitatem
1007 2833 1202 2905 extollere.
1259 2833 1406 2916 Oinous
1433 2855 1472 2900 se
1487 2829 1544 2898 ita
1553 2825 1763 2918 facturum

139 2961 354 3057 promisit,
370 2962 530 3054 jamqoe
549 2963 697 3032 Olavus
714 2975 828 3054 atqve
848 2963 976 3032 Ornus
995 2965 1051 3031 ad
1069 2967 1206 3033 aulam
1224 2949 1436 3057 pervenere
1450 2959 1679 3054 benigneque
1693 2977 1763 3025 eu-

145 3089 409 3186 cipiebantur.
463 3093 548 3160 Rex
573 3091 691 3160 Olaoi
712 3115 837 3184 genus
862 3104 976 3185 atqve
987 3094 1231 3186 propinqoos
1248 3095 1384 3162 statim
1404 3094 1631 3160 recordatus
1649 3089 1763 3156 ilium

147 3223 262 3317 apud
275 3246 315 3290 se
330 3245 486 3290 manere
494 3220 669 3317 jubebat.
724 3223 956 3294 Gunnltilda
972 3223 1106 3293 statim
1117 3247 1165 3292 ac
1177 3223 1343 3294 Olaoum
1351 3201 1764 3312 Hrutisratrisfilium

147 3380 229 3426 esse
248 3353 392 3422 certior
405 3352 629 3442 essetfaota
638 3403 652 3443 ,
674 3378 859 3447 magnum
878 3352 1134 3423 illinonorem
1144 3353 1293 3452 (tabuit.
1315 3429 1319 3438 ,
1341 3352 1580 3442 Qvibusdam
1597 3370 1686 3418 vero
1703 3346 1762 3415 ita

149 3488 294 3558 visum:
323 3485 594 3554 Gunnhildam
612 3485 662 3555 ab
673 3487 791 3556 Olavi
806 3485 995 3580 colloqvia
1005 3486 1171 3555 muitum
1177 3484 1591 3580 perciperegaudium,
1609 3477 1764 3550 etiamsi

150 3619 275 3690 alieni
292 3615 439 3686 amoris
458 3641 534 3686 non
547 3617 775 3688 redderetur
783 3617 1003 3724 particeps.
1057 3619 1204 3690 Versus
1211 3617 1329 3710 finem
1344 3616 1494 3712 hyemis
1507 3615 1654 3686 Olavus
1667 3633 1763 3681 con-

153 3748 311 3822 tristari
328 3749 463 3842 coepit.
488 3734 490 3738 ¹
520 3748 648 3820 Ornus
673 3749 830 3844 rogavit
852 3773 1031 3845 qvaenam
1054 3749 1118 3820 illi
1136 3762 1234 3820 esset
1250 3749 1455 3822 moestitia
1473 3771 1606 3820 causa.
1663 3743 1764 3816 Oia*-

153 3903 227 3953 vus
250 3880 469 3974 respondit:
496 3883 622 3952 instat
636 3879 733 3952 milri
748 3882 1022 3978 peregrinatio
1041 3905 1175 3954 versus
1191 3883 1450 3956 occidentalia
1469 3879 1615 3963 oceani,
1642 3876 1767 3948 etima

153 4037 248 4083 sune
273 4014 408 4105 magni
431 4015 577 4106 referre
602 4016 791 4098 existimo,
816 4013 876 4082 uti
899 4025 941 4082 tu
957 4037 1016 4083 me
1041 4014 1203 4110 adjuves
1230 4019 1287 4086 ad
1311 4017 1416 4088 iilud
1440 4015 1513 4085 iter
1533 4015 1610 4086 hoc
1627 4021 1767 4080 astate

153 4145 452 4238 suscipiendum.
511 4147 640 4217 Ornus
654 4145 811 4241 rogavit
825 4115 872 4214 ne
890 4145 992 4214 talia
1013 4145 1187 4216 animum
1203 4147 1421 4240 induceret,
1453 4143 1681 4242 negavitque
1693 4137 1766 4208 sibi

153 4277 279 4346 uitam
288 4291 424 4350 notam
440 4305 521 4350 esse
537 4281 681 4368 navim,
693 4301 777 4374 qva
792 4275 1052 4347 occidentalia
1067 4278 1231 4348 adituro
1247 4292 1344 4350 esset
1354 4281 1496 4352 maria.
1533 4273 1766 4348 Gunniiilda

156 4401 314 4480 illorum
339 4413 529 4507 colloqvia
549 4438 589 4483 se
611 4403 852 4497 immiscuit,
869 4409 1019 4481 dicens:
1051 4409 1142 4480 tam
1169 4412 1288 4482 talem
1314 4411 1421 4485 vobis
1445 4435 1526 4484 esse
1557 4425 1767 4478 sermonem

156 4543 365 4636 comperio,
399 4546 527 4641 qualis
547 4569 744 4640 nunquam
760 4554 880 4616 antea
893 4542 999 4634 suit,
1027 4543 1332 4640 quandoquidem
1348 4546 1554 4618 dissentire
1570 4535 1767 4616 videmini,

157 4673 305 4745 Oiacus
332 4677 604 4748 Gunnhildom
628 4676 787 4748 comiter
808 4677 1003 4748 salutauit
1024 4677 1135 4748 haud
1161 4689 1294 4774 tamen¹
1316 4679 1534 4750 intermisso
1565 4667 1767 4768 colloquio,

155 4818 293 4894 postea
315 4807 444 4881 Ornns
460 4813 563 4882 exiit.
623 4811 718 4880 Tum
734 4833 824 4882 vero
843 4810 1225 4884 interGunnitildam
1235 4827 1350 4910 atqve
1362 4799 1770 4899 otaoumcouoqvium

1500 4945 1537 5016 K
1637 4945 1640 4951 ,
