4590 5844
852 479 1065 635 Μ

149 763 223 834 sibi
237 757 398 835 ‘uxorem
407 757 678 853 peterecellet.
729 755 888 828 Bollius
908 759 1132 852 respondit:
1156 759 1314 830 mulieri
1328 760 1530 833 Thordisoe
1547 785 1682 836 nornen
1705 779 1764 836 est

149 895 480 991 acpaterSnorro
497 891 673 964 antistes.
732 889 762 960 Ἰ
762 889 842 959 alis
860 887 1122 977 illaJoemina
1143 905 1211 976 est,
1239 905 1282 964 ut
1295 894 1404 964 illius
1421 896 1763 987 nuptiasmaxime

145 1042 300 1124 petam,
334 1049 401 1096 nec
419 1023 524 1095 breui
539 1021 834 1093 matrimonium
854 1017 979 1107 inibo,
1014 1020 1048 1090 si
1074 1023 1157 1094 nac
1182 1027 1280 1095 milti
1309 1025 1480 1096 conditio
1506 1028 1762 1122 denegabitur

147 1157 329 1254 &magni
343 1157 489 1248 referre
506 1154 696 1245 existimo,
719 1151 871 1223 utileoec
876 1151 1057 1242 feliciter
1061 1159 1293 1249 procedant.
1352 1157 1580 1226 leorkellus
1593 1181 1759 1252 respon-

145 1293 223 1362 dit:
250 1292 292 1358 in
309 1290 380 1359 ltoo
399 1263 481 1378 tibi,
502 1287 712 1382 privigne!
737 1309 881 1358 morem
893 1307 1048 1379 geram,
1076 1291 1174 1380 qvod
1193 1288 1296 1360 banc
1320 1312 1482 1357 causam
1496 1306 1761 1382 promoveam,

143 1424 179 1493 si
192 1422 371 1516 alicujus
393 1423 539 1514 referre
566 1418 815 1490 existimaris.
887 1417 940 1487 Et
965 1419 1112 1512 quidem
1140 1444 1254 1515 spero
1280 1419 1384 1490 lianc
1410 1444 1490 1490 rem
1513 1445 1540 1490 a
1564 1422 1759 1494 Sncrrone

131 1554 302 1646 facilem
319 1554 532 1649 impetratu
541 1575 634 1641 esse,
655 1541 747 1620 narn
765 1545 938 1619 illesane
957 1548 1162 1642 intelliget,
1173 1549 1313 1623 bonnm
1334 1551 1408 1622 sibi
1425 1553 1465 1622 in
1485 1564 1521 1622 te
1539 1550 1674 1646 offerri
1686 1581 1761 1648 ge·

143 1707 288 1757 nerum.
337 1684 531 1756 Gudruna
542 1683 664 1753 dixit:
692 1681 734 1750 id
743 1677 820 1750 cito
829 1680 1001 1774 eloqoar,
1015 1681 1044 1750 Ἰ
1045 1681 1241 1752 borkellel
1267 1706 1325 1754 me
1339 1684 1442 1754 nulli
1450 1685 1506 1790 rei
1512 1688 1759 1778 parcendum

143 1817 385 1908 existimare,
413 1829 456 1886 ut
473 1816 631 1888 Bollius
649 1813 752 1882 lianc
778 1811 1055 1896 conditionem,
1092 1837 1172 1907 qvas
1200 1815 1280 1908 ipsi
1298 1817 1449 1909 placet,
1483 1819 1759 1912 nanciscatnr;

143 1975 237 2021 nam
255 1945 294 2020 8<
307 1951 421 2020 illum
437 1949 605 2020 maximo
620 1945 744 2038 diligo
760 1937 799 2012 8<
816 1923 891 2015 'tlte
907 1944 947 2012 in
963 1943 1060 2014 meis
1073 1945 1195 2034 jussis
1213 1949 1456 2042 exsequendis
1480 1949 1649 2018 omnium
1675 1975 1758 2032 ms,-

143 2105 254 2153 orum
269 2079 478 2153 liberorum
494 2074 929 2184 maximesuitalacer.
978 2072 1224 2164 Tltorkellus,
1265 2080 1406 2171 sejam
1427 2080 1672 2152 constituisse
1687 2084 1758 2173 af·
1803 2163 1806 2174 .

129 2213 315 2306 firmavit
330 2209 668 2284 bonesteBollium
683 2204 888 2277 dimittere.
939 2206 1002 2294 Id,
1021 2205 1157 2302 inquit,
1175 2208 1311 2277 multis
1328 2211 1374 2279 cle
1392 2212 1521 2280 causis
1531 2235 1677 2306 oeqourn
1686 2227 1755 2304 est,

141 2338 316 2418 Bollium
332 2346 433 2417 enim
446 2349 649 2415 strenuum
669 2341 795 2413 virum
802 2337 989 2428 futurum
1004 2349 1176 2408 autumo.
1228 2343 1450 2443 Paulopost
1466 2343 1692 2416 Tltorlce'llus
1708 2371 1757 2416 ac

139 2479 299 2552 Bollius
309 2476 445 2549 multis
453 2476 599 2572 qvidem
610 2449 886 2544 comitantibus
901 2471 1013 2540 domo
1026 2469 1214 2562 profecti,
1239 2473 1379 2544 itinere
1395 2475 1506 2544 naut
1521 2477 1755 2568 intermisso,

141 2625 349 2708 antequam
357 2609 610 2706 pervenirent
627 2607 815 2700 Tungam.
868 2604 1014 2674 Snorro
1031 2603 1121 2672 illos
1147 2613 1294 2698 magna
1312 2629 1397 2676 cum
1417 2609 1599 2678 comitate
1621 2633 1669 2679 ac
1687 2609 1756 2680 be-

143 2743 508 2841 nignitateexcepit.
534 2740 880 2830 Palationc,qvum
890 2733 1257 2827 Snorropraebebat,
1269 2735 1506 2810 ibilsomines
1522 2739 1752 2814 exhilarati.

149 2877 364 2963 Tlccrdisa,
412 2871 621 2944 Snorronis
642 2869 711 2960 fil'
698 2891 760 2953 sa,
792 2867 923 2980 apud
948 2877 1109 2958 patrem
1143 2868 1248 2936 domi
1280 2868 1445 2956 aderat,
1481 2895 1546 2944 mu
1551 2872 1623 2942 lier
1656 2875 1755 2964 for-

141 3033 252 3082 mosa
278 3033 326 3077 ac
344 3005 531 3098 insignis,
557 3019 741 3097 quumque
763 2998 914 3090 aliquot
941 3008 1069 3066 noctes
1096 2998 1241 3092 Tungoe
1259 2971 1488 3089 mansisset,
1526 3003 1708 3076 Ylsorbell
1692 3009 1754 3078 lus

140 3141 374 3240 nuptiarum
392 3138 653 3232 petendarum
671 3152 831 3200 oausam
846 3151 962 3220 agere
982 3129 1148 3221 occepit,
1169 3130 1357 3224 petiitque
1373 3131 1499 3200 Boll'
1453 3134 1498 3201 lu
1515 3137 1667 3206 nomine
1684 3139 1755 3226 af-

140 3276 307 3346 nitatem
332 3294 417 3340 cum
439 3271 634 3340 Snorrone
651 3261 689 3336 8<
708 3259 940 3333 connubium
965 3279 1050 3329 curn
1075 3261 1287 3349 Thordisa,
1327 3262 1437 3331 illius
1449 3262 1555 3354 filia.
1608 3267 1754 3338 Snorro

140 3405 362 3500 respondit:
393 3398 646 3492 honorificam
662 3392 809 3491 quidem
816 3391 1012 3486 petionem
1033 3392 1220 3477 instituis,
1248 3396 1307 3462 uti
1324 3417 1349 3462 a
1367 3407 1403 3464 te
1408 3395 1500 3486 fuit
1515 3401 1754 3498 sperandum

139 3536 253 3632 &ego
266 3537 412 3632 quidem
428 3535 519 3604 ltuic
537 3553 668 3600 causae
684 3531 780 3597 tata
791 3527 954 3598 reddam
972 3521 1161 3616 responsa
1173 3548 1184 3614 3
1198 3525 1356 3594 Bollius
1376 3529 1478 3598 enim
1492 3530 1590 3600 mibi
1603 3533 1756 3602 videtur

139 3673 301 3766 optimos
324 3669 409 3762 spei
427 3668 504 3754 cir,
528 3687 647 3758 eaque
661 3660 803 3732 mulier
817 3656 907 3728 bene
924 3659 1089 3744 elacata,
1117 3679 1200 3750 qvae
1223 3657 1286 3728 illi
1303 3662 1491 3756 nupserit.
1547 3662 1596 3732 Id
1626 3675 1755 3736 tamen

137 3823 308 3874 ntaxnne
324 3798 513 3877 intererit
539 3806 583 3862 ut
598 3794 683 3862 ltoec
707 3790 909 3860 inardesce
914 3789 1075 3878 suerent
1085 3812 1117 3881 p
1122 3789 1257 3857 lucita.
1313 3792 1396 3860 Illa
1414 3816 1516 3864 emm
1544 3784 1619 3868 tuli
1632 3799 1757 3869 solurn

136 3939 224 4007 oiro
243 3941 408 4025 nuptum
425 3929 500 3998 erit
519 3929 630 4012 olata,
649 3946 729 4019 qcce
744 3924 823 4016 ipse
817 3893 932 3989 bene
944 3920 1159 3991 conveniat.
1212 3922 1341 3990 Haec
1316 3947 1407 4016 Jam
1427 3947 1548 3994 cansa
1559 3927 1613 3994 ad
1630 3927 1756 3996 Tkor

138 4071 268 4138 (lisam
305 4063 528 4152 delata,·s
515 4060 588 4130 illa
616 4079 704 4126 cero
733 4054 790 4122 ita
814 4051 906 4142 fere
944 4050 1164 4143 respondit,
1213 4077 1252 4120 so
1280 4037 1417 4144 patris
1452 4081 1612 4126 usuram
1646 4081 1753 4144 cura,

138 4227 178 4272 se
195 4197 388 4270 lubentius
408 4191 546 4278 Bollii,
567 4189 757 4260 eteoclem
771 4207 881 4279 pago
899 4183 1068 4271 oriundi,
1096 4205 1252 4252 uxorem
1261 4184 1466 4276 suturam,
1494 4213 1604 4284 quarn
1632 4189 1757 4282 ignoti

137 4331 218 4405 oiri
233 4356 278 4400 ex
295 4328 451 4398 remotis
468 4321 699 4420 regionibus.
755 4319 947 4411 Quuche
966 4311 1114 4384 Snorro'
1134 4315 1369 4409 intelligeret
1387 4321 1501 4390 illam
1519 4320 1630 4390 ltaucl
1649 4285 1766 4391 invi-¹

139 4481 222 4536 tam
244 4461 369 4532 Bollii
387 4459 550 4552 nuptias
577 4463 854 4547 accepturam,
887 4447 970 4518 ltoeo
993 4457 1085 4516 rata
1105 4446 1228 4536 sacto
1256 4473 1305 4517 ac
1332 4455 1538 4546 sponsalia
1562 4453 1757 4523 celebrata

138 4573 465 4685 constitutumqoe
488 4603 529 4658 ut
562 4584 766 4681 nuptialia
791 4583 904 4674 apud
918 4582 1150 4649 Snorronem
1162 4573 1301 4666 fierent
1322 4585 1379 4650 ad
1397 4586 1564 4656 medium
1589 4589 1753 4654 aestatis.

137 4733 268 4804 His)
241 4755 301 4826 pe.
295 4726 415 4794 sactis
440 4721 605 4792 Tltorke
589 4720 666 4788 lus
696 4741 743 4785 oo
763 4713 874 4786 Bol
861 4737 921 4781 nes
956 4712 1037 4780 He
1033 4711 1165 4806 ‹rafs
1166 4737 1228 4780 nm
1253 4715 1407 4784 domum
1424 4720 1582 4790 rediere
1642 4717 1757 4786 lorn-

140 4862 372 4960 qveBcllius
388 4857 492 4926 ‹lomi
504 4853 692 4925 remansit
710 4873 825 4944 usqee
842 4848 896 4916 ad
913 4845 1108 4942 nuptialis
1128 4847 1294 4916 convivii
1310 4860 1471 4942 tempus.
1532 4851 1624 4920 Tlto·
1626 4849 1758 4918 lellus
