4612 5838
863 509 1069 628 gge-

154 757 234 844 illi,
278 767 362 849 quoe
390 752 592 826 uerissima
631 757 899 850 comperisset,
944 779 1186 828 memorasse.
1258 755 1455 826 Gudruno
1475 755 1523 826 de
1548 752 1610 824 bis
1631 773 1769 846 pauca

152 890 304 978 locuta,
342 887 598 977 manifestum
631 910 720 956 uero
751 903 840 960 erat
869 891 984 959 illam
1019 889 1269 984 indignatam
1303 913 1392 960 esse.
1472 887 1650 980 Plerique
1666 887 1768 958 enim

151 1033 422 1108 autumavere,
448 1019 573 1087 multo
607 1018 722 1088 illam
748 1022 871 1090 teneri
892 1022 1086 1118 Kjortani
1110 1023 1321 1111 desiderio,
1358 1023 1431 1092 etsi
1457 1022 1560 1090 ill'ud
1580 1020 1768 1088 dissimu-

152 1155 264 1223 laret.
341 1152 431 1222 Hoc
457 1145 647 1219 autumno
673 1152 888 1222 convivium
913 1154 1066 1247 Laugis
1111 1151 1412 1245 instituendum,
1463 1154 1657 1251 Oiaooqce
1681 1175 1767 1222 cum
1873 1248 1878 1256 ¹

148 1286 245 1356 uiris
278 1279 639 1379 bjordboltensibus
671 1281 775 1354 illud
813 1285 1048 1354 adeundum.
1111 1286 1202 1356 dam
1231 1300 1381 1380 tempus
1406 1312 1521 1382 usque
1548 1287 1604 1354 cd
1630 1283 1766 1354 conui-

148 1417 255 1487 cium
274 1395 593 1511 praeterlopsum.
651 1415 799 1486 Olavus
826 1419 882 1486 ad
903 1417 980 1487 iter
1002 1421 1238 1512 separavit,
1273 1419 1495 1514 rogavitque
1511 1417 1765 1510 Kjartanum,

147 1561 192 1618 ut
215 1573 295 1618 sese
325 1547 588 1628 comitaretur.
638 1551 862 1645 Kjartonus
890 1575 930 1618 se
954 1552 1060 1621 domi
1084 1576 1311 1623 mansurum
1334 1549 1390 1621 od
1418 1575 1495 1622 rem
1513 1549 1763 1619 domesticam

148 1681 366 1750 curandam
398 1680 620 1774 affinnovit.
699 1682 848 1752 Olavus
872 1684 1027 1776 rogauit
1032 1734 1047 1770 ,
1072 1709 1119 1755 ne
1145 1686 1224 1755 ista
1243 1708 1285 1755 re
1305 1685 1617 1794 propinqoorum
1637 1681 1765 1750 susci-

150 1824 255 1882 taret
276 1811 642 1905 indignationem.
651 1813 714 1904 Id,
742 1813 876 1908 inquit,
901 1793 1119 1903 recordare,
1143 1819 1364 1912 Kjartcne!
1390 1818 1542 1886 nullum
1558 1813 1765 1885 mortalem

148 1956 185 2014 te
214 1955 370 2026 tantum
397 1946 580 2016 dilexisse
604 1958 788 2040 qvontum
814 1946 1011 2034 Bollium,
1056 1949 1200 2018 socium
1215 1949 1479 2045 jurejurando
1493 1945 1564 2017 ttbt
1589 1933 1765 2016 adstric-

147 2089 239 2146 tum.
278 2077 373 2147 Mea
391 2078 538 2171 quidem
556 2078 738 2149 uoluntas
756 2090 825 2163 est,
854 2090 899 2146 ut
921 2089 1056 2148 memet
1078 2105 1244 2176 sequare.
1300 2081 1382 2152 Vos
1405 2079 1553 2149 sobrini
1571 2077 1702 2168 facile
1722 2077 1764 2146 in

139 2209 320 2304 gratiam
343 2207 542 2299 redibitis,
570 2209 605 2278 si
629 2235 696 2282 uos
719 2211 915 2304 congressi
933 2210 1113 2301 fueritis.
1173 2213 1399 2308 Kjartanus
1419 2210 1537 2305 patri
1562 2210 1761 2279 dictoau-

140 2341 275 2427 diens,
316 2342 546 2411 vestimenta
574 2365 646 2412 sua
663 2344 832 2436 promsit
847 2343 1043 2434 coccineo,
1060 2367 1158 2439 gete
1175 2369 1243 2414 rex
1268 2347 1413 2416 Olaous
1438 2355 1532 2413 ante
1551 2343 1762 2412 discessum

139 2473 177 2541 ei
202 2473 377 2559 dederat,
410 2476 538 2546 mutto
566 2458 1002 2570 cuitusmagniyicentia
1022 2498 1126 2546 usus.
1182 2477 1349 2568 Gladio,
1385 2499 1491 2573 quern
1517 2473 1579 2544 illi
1602 2475 1764 2544 dederat

139 2627 234 2694 rex,
262 2628 301 2680 sc
325 2606 459 2678 cinxit.
525 2607 728 2681 Auratam
756 2609 889 2703 capite
913 2608 1097 2704 gestabat
1116 2609 1296 2704 galeam,
1324 2608 1555 2703 rubrumque
1575 2607 1632 2676 ad
1654 2606 1763 2676 latus

142 2738 345 2830 clypeum,
374 2765 499 2812 aurea
516 2741 665 2810 Sancta
696 2739 821 2810 Cruce.
838 2753 1042 2829 ornatum,
1077 2744 1304 2838 bostomqve
1320 2743 1361 2814 in
1388 2765 1528 2828 manu,
1554 2735 1762 2808 manubrio

141 2868 349 2938 obaurato.
415 2870 502 2940 Toti
527 2872 734 2940 comitatui
759 2872 939 2941 colorata
961 2885 1077 2942 erant
1095 2875 1340 2964 vestimenta,
1366 2897 1548 2946 numerus
1572 2870 1762 2964 aliquan-

140 3013 227 3069 tum
259 3022 384 3092 supra
422 3000 575 3093 viginti.
653 3001 744 3070 Jam
774 3025 794 3070 e
822 3003 1121 3098 Hjardarbolto
1156 3006 1269 3074 darno
1293 3006 1507 3100 equitavere
1537 3016 1575 3073 et
1614 3003 1762 3098 quidem

135 3101 313 3226 profecti
346 3155 459 3226 usque
499 3132 592 3202 dum
623 3131 787 3227 Longos
808 3132 1066 3226 pervenirent.
1151 3135 1277 3206 Multi
1310 3135 1363 3206 ibi
1385 3135 1564 3208 concives.

806 3455 936 3556 CAP.
966 3471 1108 3560 XLV.

340 3625 506 3762 Bollius
525 3685 575 3734 ac
592 3662 720 3736 Osvici
726 3660 811 3756 filii
822 3662 945 3737 olavo
962 3663 1107 3760 egressi
1122 3661 1272 3738 obviam
1278 3715 1291 3752 ,
1327 3666 1412 3738 teeti
1429 3667 1545 3740 ittam
1570 3687 1761 3762 excepere.

140 3796 553 3890 BoiliusKjartanum
565 3796 670 3866 adiit
688 3795 874 3894 iilumque
892 3799 1091 3869 osculatus
1104 3811 1171 3872 est.
1204 3801 1428 3895 Kjartanus
1441 3801 1591 3896 excepit
1604 3800 1765 3870 saluta-

136 3930 448 4023 'tionem5postea
466 3928 682 4000 introducti
696 3941 797 3998 sunt.
822 3929 981 3999 Boiiius
991 3953 1085 4024 erga
1099 3955 1163 4002 eos
1173 3933 1382 4004 admodum
1394 3955 1516 4004 comes
1526 3927 1764 4004 erat&Ola-

142 4087 211 4134 cus
225 4087 268 4132 eo
280 4061 446 4132 multum
462 4061 635 4145 loetatus,
647 4061 871 4150 &ortanus
885 4075 1015 4131 autem
1029 4064 1274 4159 aliquantum
1284 4078 1372 4135 erat
1375 4065 1582 4159 frigidior.
1608 4063 1764 4158 Magna

145 4193 311 4266 convicii
335 4191 611 4284 munificentia.
646 4175 769 4288 'Equi
785 4206 902 4264 erant
917 4194 1073 4279 Bollio,
1096 4197 1205 4289 operi
1226 4221 1304 4266 non
1320 4197 1491 4268 adhibiti
1497 4249 1510 4283 ,
1537 4197 1599 4293 qui
1624 4195 1763 4290 optimi

145 4321 437 4396 habebantur&
448 4326 708 4396 admissarius
724 4324 875 4424 quidem
883 4349 1074 4420 procerus
1088 4351 1136 4397 ac
1146 4329 1330 4422 pulcher,
1349 4354 1596 4426 necunquam
1614 4329 1655 4400 in
1669 4329 1767 4424 bip-

141 4457 355 4550 pomacbia
376 4471 599 4552 superatus,·
625 4459 731 4528 color
751 4471 839 4529 erat
853 4457 980 4544 albus,
1004 4482 1122 4530 aures
1138 4484 1229 4534 uero
1242 4457 1280 4531 b<
1298 4463 1424 4534 cirrus
1440 4462 1542 4534 inter
1561 4489 1628 4538 eas
1645 4461 1765 4537 rubra

146 4593 294 4692 (fuleo)
303 4616 316 4679 ‚·
340 4603 418 4662 tres
435 4591 547 4661 illum
563 4615 668 4685 eqvoe
680 4589 944 4688 sequebantur,
965 4591 1101 4689 quibus
1116 4594 1216 4664 idem
1233 4618 1281 4664 oc
1295 4621 1388 4692 equo
1403 4611 1491 4669 erat
1508 4599 1624 4670 color.
1661 4598 1767 4668 Istos

146 4749 257 4818 cqcos
273 4725 433 4796 Bollius
448 4725 648 4818 Kjartano
670 4727 818 4796 donare
844 4725 991 4817 voluit5
1028 4727 1252 4823 Kjartarum
1275 4754 1364 4802 vero
1383 4735 1539 4825 negavit
1555 4729 1767 4802 semuitum

147 4883 227 4926 csse
240 4857 513 4952 pbilhippum‚
540 4857 754 4954 donumque
765 4869 971 4956 acceptare
987 4862 1194 4935 recusavit.
1251 4863 1396 4934 Oloous
1412 4865 1581 4959 rogavit,
1594 4873 1637 4932 ut
1656 4881 1765 4956 equos

1457 4994 1524 5066 Bb
1547 5017 1567 5064 c
