4612 5838
855 465 1067 592 ese..

151 731 234 826 ipse
251 746 340 800 cero
365 733 450 794 cum
476 719 698 820 Tbci'orino
715 719 829 814 opud
849 722 1006 790 inortun
1024 729 1190 813 corporo
1210 716 1407 790 remansit.
1475 715 1605 790 Oscioi
1632 729 1763 788 cutem

139 862 242 956 filii,
291 857 357 930 ubi
381 857 546 948 Longas
577 864 859 948 peruenerunt,
904 875 965 922 res
1002 864 1136 946 gestos
1169 852 1344 950 retulere.
1427 849 1621 924 Gudrunu
1637 847 1759 940 suctu

148 988 403 1066 collaudavit.
463 983 619 1056 Deinde
646 983 819 1078 leorolfi
841 983 1018 1090 obligoto
1041 1009 1181 1055 manus
1204 1009 1272 1082 nec
1295 983 1428 1054 endem
1455 981 1518 1057 illi
1538 1005 1704 1078 unquam
1720 982 1761 1051 in

149 1126 339 1220 integrum
370 1117 566 1190 restituto.
616 1114 810 1187 Kinrtoni
833 1139 976 1210 corpus
998 1116 1174 1219 Tungom
1204 1091 1579 1209 domumydelulum3
1623 1113 1760 1184 deinde

145 1257 304 1328 Bollius
321 1276 412 1350 equo
428 1223 557 1324 vectus
588 1248 763 1344 Longas.
828 1215 1021 1319 Gudruno
1050 1226 1114 1317 illi
1129 1246 1281 1319 obvium
1298 1273 1453 1342 egressa
1480 1247 1637 1343 rogavit
1655 1269 1760 1343 qvie-

146 1411 240 1460 nam
256 1395 354 1458 esset
371 1382 450 1454 diei
467 1382 589 1474 liora,
611 1380 769 1452 Bollius
784 1381 887 1452 dixit
902 1403 1046 1452 nouom
1064 1391 1143 1449 turn
1163 1378 1244 1472 ejus
1265 1380 1342 1452 diei
1358 1381 1495 1452 borum
1517 1382 1595 1476 ogi.
1656 1379 1761 1451 Tunc
1887 1413 1891 1420 ·

145 1520 251 1592 dixit
267 1518 460 1590 Gudruno
482 1523 636 1610 mngnae
649 1526 842 1610 geruntur
863 1513 1195 1584 resocmemorioe
1222 1515 1372 1608 dignoe,
1414 1539 1483 1608 ego
1497 1513 1610 1605 filum
1636 1536 1761 1608 quan·
1882 1555 1884 1560 ,

101 1643 103 1648 ¹
146 1666 228 1724 tum
246 1653 302 1720 od
317 1647 518 1720 duodecim
539 1651 657 1719 ulnae
672 1647 801 1740 parmi
826 1647 925 1717 sutis
939 1657 997 1718 est
1014 1647 1176 1732 deduxi,
1203 1659 1245 1716 tu
1269 1658 1400 1716 autent
1420 1647 1663 1720 Kiortunum
1689 1667 1760 1715 ne-

147 1784 258 1857 casti.
311 1783 470 1854 Bollius
500 1780 622 1850 dixit:
655 1779 795 1870 fatale
818 1779 921 1848 illud
934 1777 1096 1870 factum
1113 1778 1218 1848 milii
1240 1790 1311 1848 cot
1334 1802 1419 1848 sero
1445 1778 1593 1852 excidet
1614 1799 1759 1846 memo-

144 1917 206 1989 rio
216 1967 229 2002 ,
255 1915 326 1990 etsi
342 1915 446 1984 illud
464 1913 574 1983 baud
597 1909 638 1979 in
660 1924 821 1984 mentem
838 1933 1049 1983 revocares.
1103 1911 1297 1981 Gudruna
1317 1909 1431 1978 dixit:
1454 1909 1526 1979 lzoc
1552 1908 1760 2001 infotali-

146 2045 218 2120 bus
244 2045 357 2120 rebus
383 2045 494 2115 baud
516 2065 603 2112 reor
632 2043 871 2131 babendum,
922 2044 1045 2114 multo
1072 2042 1173 2114 enim
1198 2043 1327 2138 major
1353 2053 1422 2108 tun
1452 2040 1539 2111 cisa
1559 2040 1692 2134 glorio
1715 2063 1758 2108 eo

142 2205 272 2270 anno,
304 2202 411 2274 qoem
427 2149 720 2281 Ktarcan'u'sin·
731 2151 934 2268 Norvogiu
956 2177 1081 2269 degit,
1096 2160 1219 2272 'qoam
1235 2153 1341 2245 nunc*
1349 2185 1446 2271 post
1463 2172 1578 2242 iltius
1586 2170 1759 2264 reditum

139 2315 184 2384 in
203 2311 447 2398 Islundicrn,
473 2331 560 2378 cum
582 2331 650 2379 cos
666 2293 841 2416 culcbrcl
853 2305 1040 2404 pedibus,
1069 2307 1111 2378 icl
1127 2319 1256 2380 autem
1276 2307 1454 2380 ultimum
1468 2327 1645 2394 memoro,
1663 2305 1761 2400 qood

140 2443 308 2516 maximi
325 2454 454 2512 tomen
469 2429 790 2516 momenti'oisum
809 2452 885 2529 est,
913 2427 1025 2538 *qood
1036 2439 1199 2544 [Iresiae
1218 2441 1301 2512 sine
1318 2439 1402 2511 risu
1420 2440 1493 2510 boc
1508 2461 1663 2534 uespere
1687 2436 1760 2508 ibit

142 2575 327 2650 cubitum.
373 2574 532 2646 Bollius
548 2585 629 2644 lum
647 2574 867 2669 respondit,
903 2574 966 2645 iro
979 2575 1096 2646 cold'e
1115 2595 1340 2646 succensus:
1386 2573 1669 2658 incertumest,
1703 2593 1758 2642 on

141 2711 218 2784 noc
239 2705 380 2782 nuntio
403 2705 643 2814 illaJmagis,
677 2731 788 2804 qvam
814 2719 869 2796 tu,
894 2701 1191 2801 expallescet&
1215 2731 1310 2780 sone
1336 2707 1534 2801 suspicor,
1568 2717 1605 2775 te
1629 2702 1757 2772 minus

138 2835 524 2932 pommotomsuisse,
541 2839 662 2908 sinos
680 2837 722 2906 in
737 2807 886 2932 pugnos
905 2861 1043 2933 compo
1059 2837 1611 2934 decubuissemus,Kjortonus
1628 2847 1758 2906 autem

143 2981 494 3064 rerumgestarum
511 2969 693 3038 nuntium
710 2967 924 3038 detulisset.
983 2972 1079 3040 Tum
1107 2973 1300 3042 Gudrunn
1313 2973 1490 3044 Bollium
1514 2967 1757 3044 esseirutum

143 3100 395 3207 intelligebat
411 3112 524 3193 atqve
537 3099 661 3169 dixit.-
694 3097 777 3170 noli
804 3098 908 3167 talio
928 3100 1051 3193 loqui,
1085 3123 1154 3196 ego
1178 3098 1279 3172 enim
1291 3127 1370 3198 pro
1394 3103 1466 3172 boc
1473 3103 1661 3192 facinore
1686 3098 1765 3167 titt

142 3215 295 3308 multos
311 3228 436 3302 babeo
446 3229 628 3324 gratias5
654 3231 744 3326 jorn
761 3229 862 3301 enirn
879 3242 983 3302 certo
997 3229 1097 3324 scio,
1142 3242 1178 3302 te
1196 3201 1301 3304 nolle
1314 3233 1465 3330 aliqold
1479 3255 1596 3326 agere
1617 3242 1755 3301 contro

142 3388 286 3460 meum·
299 3360 554 3437 voluntalem.
629 3349 784 3436 Deinde
809 3361 940 3434 Oeclei
958 3359 1038 3454 filii
1056 3362 1351 3436 subterraneum
1372 3362 1607 3450 cubiculum,
1658 3363 1759 3456 qood

144 3501 233 3572 inu
248 3497 395 3570 oscum
410 3508 603 3590 paratum
624 3507 735 3590 erar,
775 3494 952 3590 ingressi.
1028 3477 1256 3570 retrusus
1283 3497 1503 3592 aitemfin·
1519 3495 1630 3568 miss
1654 3493 1758 3566 ner-

139 3631 357 3731 gofellum,
376 3625 814 3704 utSnorroniAntistiti
834 3627 937 3698 bunc
951 3627 1144 3720 referrent
1156 3633 1348 3721 nuntium,
1373 3631 1571 3728 simulque,
1591 3639 1634 3700 ut
1650 3622 1759 3697 tubi-

143 3780 232 3838 tum
240 3761 373 3837 Bollio
387 3763 559 3832 mitteret
573 3762 766 3833 auxilium
785 3771 923 3833 contra
934 3761 1101 3833 Olcoum
1118 3776 1234 3860 atqve
1251 3765 1341 3835 illos
1354 3765 1475 3852 ciros,
1495 3733 1767 3858 quibusKjorss

144 3895 240 3968 toni
258 3893 381 3963 caedes
399 3891 658 3982 vindicanda,
684 3881 880 3988 rogarent.
933 3893 1327 3991 Soslingsdalstungoe
1342 3898 1529 3992 proximo
1544 3905 1640 3990 post
1656 3891 1761 3962 bunc

145 4027 293 4102 caedem
316 4034 426 4096 nocte
447 4023 490 4092 id
515 4024 606 4096 novi
621 4025 787 4116 occidit,
822 4039 866 4097 ut
890 4024 1025 4116 Anne,
1058 4051 1165 4121 qoem
1193 4051 1321 4103 ornnes
1342 4041 1538 4100 mortuum
1554 4023 1760 4111 rebantur,

146 4169 347 4258 surgeret3
399 4153 483 4239 illi,
522 4155 587 4253 qvi
615 4179 756 4265 corpus
779 4157 1067 4246 custodiebant,
1116 4160 1324 4253 perterriti
1348 4183 1459 4237 noooe
1481 4159 1539 4230 rei
1556 4157 1759 4228 miraculo.

151 4297 262 4368 Tunc
276 4287 392 4364 Anus
409 4310 471 4357 eos
490 4287 549 4357 itu
565 4287 857 4385 olloqoebotur:
883 4315 952 4387 ego
970 4314 1037 4365 uos
1044 4313 1121 4386 per
1135 4291 1247 4364 deum
1262 4316 1375 4388 rogo,
1408 4317 1455 4365 uc
1466 4302 1602 4365 memet
1619 4288 1762 4360 timeo-
1819 4341 1821 4345 ψ

144 4427 226 4518 tis,
250 4447 319 4519 ego
337 4415 437 4493 enirn
454 4417 536 4494 uixi
551 4443 760 4519 sanamque
776 4407 922 4494 retinui
935 4437 1120 4516 mentem,
1147 4425 1272 4522 'usque
1289 4425 1380 4498 dum
1399 4401 1614 4522 lethargico
1629 4447 1761 4494 somno

147 4555 417 4656 opprimerer,
446 4563 538 4626 tunc
560 4553 659 4627 milti
683 4555 769 4628 visu
788 4556 941 4646 eodem,
981 4581 1065 4653 qoce
1079 4558 1214 4652 prius,
1257 4561 1418 4648 mulier,
1455 4561 1608 4656 uirgam
1625 4583 1671 4630 ex
1688 4542 1762 4627 bb·-

148 4689 308 4762 domine
324 4687 483 4776 tollere,
508 4699 621 4782 utque
635 4690 676 4760 in
697 4689 806 4760 illiue
822 4690 947 4760 locuni
967 4691 1114 4762 viscera
1132 4700 1327 4785 reponere.
1380 4695 1480 4766 Hcec
1505 4695 1603 4764 milei
1627 4703 1762 4760 muta-

149 4817 434 4912 tiouulclefuit
455 4831 591 4915 grata.
655 4818 808 4897 Deinde
833 4819 918 4894 Ani
942 4824 1105 4898 vulnera
1123 4825 1301 4924 deligato
1325 4827 1464 4924 illeque
1498 4830 1539 4896 in
1571 4826 1763 4916 integrum

1497 4961 1528 5029 F
1555 4957 1574 5024 f
