4590 5844
754 471 757 478 ’
856 478 1060 598 „esa

150 751 258 802 reum
275 751 361 802 oum
374 725 415 798 in
435 725 561 797 iocum
571 721 886 820 pervenisse-ubi
901 722 1149 814 Itoudfacile
1166 721 1484 816 deprehendatur
1489 749 1503 816 ,⁶
1529 735 1659 798 tamon
1669 726 1771 798 Bol-

152 864 230 932 lius
245 862 404 952 denique
419 882 602 929 caussam
617 858 797 952 suscepit.
853 857 1046 928 Gudruna
1064 879 1203 926 rursus
1229 854 1405 943 borealia
1424 881 1556 928 vorsus
1575 860 1772 952 prosecta,

149 995 255 1068 venit
272 995 438 1085 domum,
463 993 651 1062 maritam
666 994 805 1062 docens
825 991 884 1058 uti
906 1013 967 1061 res
983 1000 1203 1078 essetacta3
1228 988 1385 1084 itajam
1396 990 1645 1084 aliquantum
1658 1016 1771 1091 proe-
1874 1045 1880 1052 .

153 1126 372 1220 terlapsurn
390 1137 448 1195 est
461 1125 658 1221 temporis.
710 1127 872 1220 Hyeme,
891 1134 987 1217 post
1001 1123 1153 1213 festum
1168 1120 1337 1209 Julense,
1356 1135 1561 1195 concentus
1586 1124 1772 1197 Tbveraoe

150 1258 191 1328 iu
206 1253 461 1354 bbagafiordo
475 1257 666 1346 indictas,
697 1283 740 1329 eo
774 1253 1022 1328 Tborvaldus
1047 1254 1247 1325 Starrium
1263 1253 1553 1327 Guddalensem
1576 1259 1748 1331 evocavit
1756 1283 1771 1350 3

136 1389 345 1484 fratribus
371 1391 440 1462 itte
468 1375 679 1462 admodum
690 1390 783 1483 fait
805 1390 966 1461 amicus.
1043 1385 1292 1460 ffborcaldus
1323 1409 1409 1458 oum
1436 1387 1516 1458 suis
1546 1405 1772 1464 conuentum

146 1523 251 1595 adiit
258 1549 273 1616 ,·
288 1531 458 1618 'curnq've'
472 1525 529 1594 ad
542 1523 875 1596 Urds'bridubolos
886 1520 1123 1616 perveniret,
1139 1546 1159 1590 o
1175 1533 1305 1592 monte
1324 1524 1385 1594 oir
1399 1524 1456 1592 ad
1475 1522 1588 1595 illum
1599 1525 1772 1598 decurrit

147 1652 186 1730 bt
202 1658 236 1728 is
252 1656 403 1754 quidem
421 1656 654 1750 Thorolsus3
681 1656 751 1728 ille
764 1655 982 1730 Thorvaldi
1002 1678 1051 1726 ac
1070 1655 1383 1730 illiuosociorum
1400 1670 1570 1730 caterva
1584 1683 1624 1730 so
1640 1659 1771 1730 immi-

147 1790 248 1861 scuit
255 1815 270 1884 ,·
298 1815 325 1860 a
349 1791 530 1864 Tbvsraa
545 1802 677 1889 autem
693 1813 779 1864 cum
795 1790 907 1862 haud
920 1790 1068 1884 procul
1082 1787 1271 1880 abessent,
1303 1791 1334 1862 t
1333 1790 1551 1864 haroaldus
1571 1792 1771 1864 talimodo

150 1924 382 2016 Tborolfum
409 1925 609 1996 allocutus
633 1935 712 1996 ost:
761 1933 841 1994 tres
861 1923 953 2014 'J'arn
978 1943 1136 1993 marcas
1168 1923 1326 2020 argenti
1364 1935 1488 1996 tecum
1521 1922 1772 2021 apportes&

145 2081 271 2152 supra
288 2058 429 2132 oittam
449 2055 630 2130 Tbveraa
650 2055 714 2128 bic
728 2055 919 2126 assideos.
979 2054 1031 2127 Id
1058 2052 1129 2126 tibi
1144 2054 1221 2124 erit
1237 2056 1370 2151 signo:
1396 2057 1431 2126 si
1458 2083 1526 2156 ego
1542 2059 1772 2160 meumtcly-

142 2215 262 2286 psum
276 2191 333 2262 ad
350 2203 386 2262 te
407 2189 466 2260 ito
492 2201 693 2278 converto,
729 2199 774 2262 ut
796 2186 907 2260 illius
930 2185 1152 2284 conspicias
1177 2211 1334 2278 cavum,
1369 2202 1463 2261 tuno
1491 2189 1562 2261 tibi
1581 2189 1771 2286 progredi

146 2349 228 2396 esse
242 2335 387 2417 tutum3
416 2323 612 2394 internum
630 2322 760 2419 clypei
778 2320 912 2394 album
927 2333 996 2393 est.
1049 2319 1103 2395 Et
1126 2344 1237 2416 qvum
1259 2301 1506 2395 Ttoroatctis
1530 2325 1587 2394 od
1602 2347 1771 2396 conven-

147 2469 229 2528 tum
240 2456 485 2552 perveniat,-
521 2455 722 2528 Starrium
740 2455 876 2528 adiens
894 2477 980 2528 cum
995 2455 1066 2527 illo
1083 2455 1211 2550 coepit
1228 2453 1342 2552 loqoi.
1390 2456 1636 2530 ffborvaldus
1651 2458 1772 2528 dixit:

147 2591 217 2662 Ita
234 2591 394 2685 resjam
419 2601 655 2687 comparata
679 2599 758 2658 est:
790 2588 841 2662 'Ie
866 2610 983 2684 rogo,
1017 2598 1064 2660 ut
1087 2587 1319 2682 Thorolsum
1333 2589 1642 2664 Gubernatorem
1664 2589 1773 2661 exci-

142 2722 241 2818 pias
254 2747 408 2819 eumque
437 2747 565 2796 serves
589 2733 705 2818 atqve
730 2720 936 2813 illi-feras
959 2745 1070 2820 opem
1083 2743 1095 2812 3
1131 2718 1204 2790 tibi
1226 2745 1296 2816 ego
1324 2733 1403 2792 tres
1428 2723 1586 2820 argenti
1614 2746 1773 2794 marcos

143 2851 327 2952 praebebo
354 2879 548 2948 meamqoe
576 2853 797 2925 amicitiam
824 2852 951 2924 simul.
976 2915 981 2928 .
1010 2853 1092 2927 Hic
1114 2852 1403 2947 qvidern.bomo
1438 2855 1535 2926 talis
1562 2867 1639 2943 est,
1671 2856 1773 2927 dixit

149 2985 346 3072 Starrius,
370 2997 413 3054 ut
432 2987 496 3056 illi
513 2985 624 3056 haud
641 2986 784 3057 multos
803 2985 950 3056 amicos
966 3011 1048 3061 esse
1064 2987 1231 3072 credam,
1258 3011 1326 3058 nec
1343 2989 1379 3059 ei
1403 3001 1510 3060 certa
1526 2990 1613 3082 sati
1637 2988 1774 3087 benig-

147 3118 255 3188 nitas
263 3141 277 3208 ς
297 3130 425 3188 tamon
443 3118 632 3188 amicitia
646 3130 795 3189 nostroe
807 3117 946 3213 gratia
965 3143 1033 3213 ego
1060 3118 1173 3189 illum
1190 3119 1395 3214 excipiam.
1426 3122 1496 3193 Cui
1508 3123 1773 3195 ttoroatdus:

147 3250 299 3335 bonum,
317 3249 452 3345 inqvit,
461 3251 635 3341 factum.
665 3253 829 3348 Tumque
844 3273 1025 3323 converso
1040 3251 1191 3347 clypeo,
1212 3274 1348 3325 cavum
1363 3254 1586 3350 conspectui
1603 3253 1745 3326 obtulit
1749 3279 1765 3344 ,-

146 3383 245 3480 qvod
277 3383 488 3474 Yborolfus
517 3383 762 3479 conspiciens
789 3385 831 3458 in
856 3385 979 3456 lucem
999 3385 1153 3478 prodiit
1186 3381 1224 3455 bt
1254 3409 1281 3454 a
1304 3387 1670 3483 diarrio'ssoeptus
1704 3401 1772 3460 est.
1868 3473 1872 3480 ,

144 3512 301 3586 Starrio
323 3513 521 3610 Gaddalis
543 3518 644 3588 cella
661 3517 750 3609 fuit
775 3515 1053 3607 subterranea,
1089 3518 1300 3612 sylvestres
1325 3521 1429 3594 enim
1453 3523 1582 3596 exules
1606 3493 1774 3595 multum

146 3649 259 3744 opud
271 3671 356 3722 eum
372 3648 574 3743 degebant,
602 3645 841 3747 &plurimis
855 3650 940 3748 ipse
956 3651 1040 3737 suit
1062 3651 1260 3746 culpatus,

759 3890 891 3979 CAP.
939 3891 1151 3978 LXXXI.

348 4009 513 4120 Boutta
530 4049 658 4121 BoIlii
671 4048 787 4144 filius
808 4051 1056 4126 Olavicoedis
1075 4075 1240 4123 causam
1257 4076 1375 4150 agere
1389 4056 1549 4152 occepit.
1613 4050 1775 4148 Jamque

147 4181 261 4252 doma
276 4180 483 4273 profectus
502 4182 678 4255 borealia
693 4209 825 4258 versus
841 4187 1056 4262 cumXXX
1069 4186 1267 4259 bominum
1288 4187 1331 4260 in
1351 4187 1658 4288 Sbagasjbrdum
1677 4206 1774 4280 pcr-

147 4312 266 4385 vonit.
327 4311 400 4384 Ubi
416 4318 522 4388 venit
537 4318 797 4391 Miklaboeum
814 4318 906 4392 bene
923 4321 976 4392 ibi
990 4333 1193 4414 exceptus,
1226 4321 1381 4396 itineris
1405 4324 1599 4394 rationem
1631 4318 1773 4408 docuit.

148 4446 423 4540 Propositum,
466 4450 599 4548 inavit,
624 4465 681 4524 est
706 4453 747 4524 in
769 4453 1062 4550 Hegronosonsi
1084 4467 1274 4528 concentu
1313 4455 1543 4550 Thorolsum
1565 4455 1611 4530 ab
1633 4453 1775 4526 cadem

149 4601 357 4688 accusare,
383 4577 421 4654 ἃ
440 4584 591 4680 qaidern
607 4587 744 4661 vellem
763 4588 824 4658 uti
842 4601 897 4676 tu,
920 4588 1105 4660 Arnoro!
1132 4587 1231 4659 miti
1247 4589 1352 4661 banc
1376 4593 1432 4663 ad
1449 4613 1631 4666 caussam
1641 4587 1775 4678 serm

149 4696 357 4786 auxilium.
380 4691 566 4791 Arnorus
581 4721 809 4817 rospondit&
833 4721 944 4794 baud
961 4721 1059 4793 milii
1072 4721 1230 4813 rideris,
1245 4724 1389 4798 Balla!
1405 4727 1565 4819 faustae
1591 4719 1679 4816 spei
1693 4738 1775 4791 rem

150 4846 339 4943 occipere,
357 4850 393 4922 si
404 4871 488 4926 cum
505 4867 629 4930 tanta
646 4855 866 4954 iniquitatis
879 4854 1056 4952 virio,uti
1073 4855 1137 4928 bic
1160 4856 1200 4930 in
1212 4855 1657 4959 borealiparteadsunt,
1679 4871 1777 4922 son-
