4636 5832
1233 472 1273 547 X

1126 606 1359 634 m

456 737 656 850 hansas,
697 731 871 856 sapius
906 754 990 818 ore
1020 719 1146 816 tradi
1180 720 1486 836 audiverant,
1515 718 1712 829 'calamo
1743 723 1970 850 exceptas
1998 727 2052 834 in
2097 821 2100 830 ,

457 884 634 1006 justam
669 874 930 974 voluminis
958 869 1165 962 foemam
1191 868 1342 969 modo
1372 864 1709 997 redegerint&

654 1029 710 1116 ln
737 1025 846 1147 ipsa
875 1019 1167 1108 narrationis
1197 1011 1364 1108 indole
1395 1013 1467 1106 nil
1500 1034 1592 1121 est,
1626 1011 1759 1140 qvod
1773 1011 1918 1110 fidem
1938 1047 2051 1121 auc÷

454 1175 573 1270 toris
600 1165 842 1294 infringat.
928 1167 1130 1289 spectra
1165 1157 1358 1287 qvidem
1388 1160 1472 1255 hic
1502 1155 1792 1263 offendimus
1823 1159 1912 1261 sed
1937 1194 2050 1290 pet-

315 1389 320 1396 ·
451 1346 637 1446 pauca,
698 1305 959 1406 nonnullas
996 1309 1379 1425 incantationes,
1445 1305 1588 1434 plura
1624 1310 1883 1437 praesagia,
1945 1307 2051 1414 hoee

450 1494 568 1564 cero
596 1461 771 1589 priscis
798 1451 1001 1553 Islandis
1027 1485 1135 1561 non
1153 1483 1301 1548 secus
1329 1479 1389 1547 ac
1414 1449 1694 1558 monticolis
1714 1455 1890 1549 Scotiae
1923 1454 2047 1558 adeo

397 1715 402 1718 ,
452 1609 600 1706 solita
633 1613 676 1702 δι
706 1601 858 1703 veluti
889 1598 1120 1732 indigena
1149 1597 1367 1718 ineunt,
1394 1621 1451 1698 ut
1481 1598 1544 1695 ad
1570 1585 1788 1696 nativum
1813 1581 2050 1702 narratio·

453 1761 531 1850 nis
571 1751 789 1850 colorem
830 1752 1194 1874 seqvirerentur.
1287 1747 1527 1870 Maiorem
1567 1748 1898 1872 suspicionem
1935 1779 2051 1874 poa

453 1923 563 1999 sent
587 1931 672 2017 ea,
718 1927 821 2020 qvae
850 1892 912 1988 de
941 1916 1096 2004 matre
1124 1889 1271 1990 Olavi
1299 1895 1510 1988 Pavonis
1538 1889 1789 2022 leguntur,
1832 1923 2047 2010 movere3

455 2079 565 2145 eam
593 2043 799 2158 scilicet,
833 2070 976 2166 qvam
1002 2036 1306 2154 Hoskuldus,
1335 2060 1477 2165 pater
1511 2036 1659 2135 Olavi
1685 2041 1921 2158 Pavonis,
1942 2070 2049 2140 ‘sen-

454 2225 567 2296 vam
606 2221 637 2283 a
680 2217 925 2316 mangone
968 2187 1022 2276 in
1057 2187 1304 2311 Norvegia
1348 2206 1556 2303 emerat,
1619 2181 1770 2292 liliam
1813 2189 2047 2284 exstitisse

453 2337 812 2467 Myrkiartanis,
864 2335 991 2460 regis
1020 2328 1268 2449 Mendici,
1307 2351 1459 2456 atqve
1479 2327 1633 2430 toedio
1666 2333 1906 2427 servitutis
1938 2361 2048 2459 pen

452 2509 639 2582 motam
672 2481 808 2578 vocis
853 2477 1094 2573 defectum
1131 2474 1410 2604 perplures
1440 2505 1595 2586 annos
1624 2475 1897 2596 simulasse,
1960 2473 2048 2580 do·

452 2661 547 2736 nec
580 2629 725 2725 herus
754 2629 912 2755 ipsam
944 2656 1055 2720 cum
1082 2621 1183 2718 lilio
1218 2621 1424 2740 tenello,
1491 2654 1632 2748 qvem
1661 2655 1720 2718 ex
1750 2627 1860 2748 ipsa
1886 2655 2049 2722 susce·

452 2777 614 2909 perat,
663 2775 942 2901 loqtentem
972 2767 1188 2878 offendit.
1253 2773 1371 2863 Haec
1400 2767 1593 2892 qvidem
1622 2773 1782 2895 primo
1813 2773 2046 2896 adspectu

453 2928 669 3056 speciem
718 2918 895 3013 fabulae
933 2919 1235 3034 romanensis
1269 2912 1447 3009 referre
1485 2905 1722 3011 'videntun
1820 2920 2046 3013 Attamen

452 3076 568 3168 satis
598 3088 790 3164 constat
818 3071 870 3158 in
899 3067 991 3160 ista
1020 3084 1295 3187 temporum
1325 3060 1575 3176 barbarie,
1623 3090 1717 3185 qva
1746 3065 1915 3184 pirate
1944 3091 2045 3159 om-

451 3247 561 3314 nes·
584 3245 691 3312 oras
726 3211 1029 3321 infestarent,
1092 3204 1371 3334 regtdorum
1411 3233 1601 3328 qvoqve
1638 3201 1760 3299 filias
1801 3203 2044 3304 interdum

450 3367 599 3460 fitisse
627 3377 812 3484 raptas3
841 3347 1146 3445 Hoskuldum
1171 3379 1289 3446 vero
1305 3379 1494 3444 servam
1508 3345 1869 3476 peipulchram,
1902 3383 2044 3478 qvam

449 3507 763 3636 peregrinans
807 3499 923 3600 lecti
966 3498 1154 3591 sociam
1185 3494 1281 3590 sibi
1316 3493 1603 3612 adsciverat,
1670 3519 1784 3621 post
1819 3494 2041 3618 reditum,

451 3675 507 3748 nt
540 3643 831 3775 zelotypiam
859 3646 1023 3738 uxoris
1062 3639 1420 3768 qvodammodo
1448 3639 1685 3768 placaret,
1743 3662 1925 3737 mutam
1959 3676 2043 3740 co-

452 3833 557 3896 ram
593 3793 818 3890 omnibus
846 3820 936 3916 per
969 3789 1152 3914 eliqvot
1184 3818 1339 3882 annos
1371 3789 1646 3884 venditasse
1679 3789 1794 3882 satis
1828 3811 1900 3884 est
1924 3822 2042 3918 pro-

414 4045 418 4070 ,
452 3941 627 4042 babile.
694 3945 788 4033 Itan
818 3935 964 4033 Olavi
990 3937 1201 4032 Pavonis
1235 3933 1299 4026 ad
1324 3932 1699 4061 Myrkiartonem
1717 3935 2041 4058 avunculum,

313 4153 314 4158 κ
371 4129 380 4148 ·
451 4089 669 4187 islandiae
694 4085 937 4214 regulum,
972 4079 1043 4174 nil
1075 4083 1312 4195 continet,
1354 4079 1485 4207 qvod
1514 4076 1661 4197 fidem
1688 4078 1902 4198 excedit3,
1924 4093 2041 4212 pro·

454 4243 641 4365 sapiam
684 4265 801 4330 vero
831 4235 957 4355 ejus
999 4231 1062 4322 ab
1106 4224 1365 4355 aeqvalibus
1403 4231 1592 4356 regiam-
1620 4227 1769 4323 fuisse
1806 4232 2039 4326 creditam

459 4382 743 4496 ostendunt,
804 4371 916 4474 cum
954 4371 1155 4489 donatio
1184 4371 1353 4468 mortis
1384 4402 1531 4486 causa
1558 4397 1753 4499 epatre
1780 4378 1877 4502 ipsi
1908 4376 2037 4474 iacta

576 4582 582 4595 1
836 4603 842 4614 1

455 4611 724 4637 W

533 4751 566 4844 *)
587 4748 658 4818 Glr.
680 4748 717 4816 1².
741 4747 782 4815 Ε.
804 4745 925 4814 Mallos
953 4747 1039 4814 iiber
1063 4747 1128 4815 den
1150 4745 1326 4840 chprnng
1352 4742 1421 4814 und
1439 4742 1567 4814 Verlall
1593 4743 1654 4814 der
1681 4741 1903 4818 itlindischen
1922 4745 2036 4818 Histo-

583 4853 793 4948 riographie3
814 4849 971 4947 Kopcnlt.
994 4863 1075 4922 181³
1095 4875 1130 4946 p.
1153 4863 1206 4922 81.
