4612 5838
864 471 1069 588 Q

155 723 339 810 multum,
376 684 529 812 prater
559 715 826 790 necessitatem
855 717 991 811 infesti
1006 715 1148 790 nobis
1133 715 1201 788 uis
1227 715 1395 808 obviam,
1438 713 1477 790 δε
1499 741 1571 792 uos
1592 743 1687 792 sane
1703 718 1773 797 diu

153 851 382 923 inimicitias
406 861 559 920 vestras
577 851 759 942 perpessi
788 875 931 921 sumus.
999 852 1090 923 lam
1119 851 1192 924 ltoc
1223 852 1477 943 manifestum
1515 851 1693 924 omnibus
1717 854 1771 923 sit

153 986 296 1056 talia
282 1009 323 1055 ιιι
340 953 529 1075 saturum
555 980 667 1051 baud
690 983 862 1053 tolerata
883 984 987 1074 fore.
1049 987 1244 1058 Gudruna
1266 999 1347 1056 tum
1376 986 1435 1055 ita
1469 985 1580 1056 illius
1602 986 1771 1057 sermoni

152 1117 374 1211 respondit:
416 1111 580 1184 illurn
555 1138 644 1208 Jam
671 1113 900 1220 perforas
885 1142 1030 1208 iguem,
1065 1117 1146 1212 qvi,
1194 1129 1238 1188 ut
1266 1120 1338 1186 nul
1339 1111 1419 1188 ἱιιιιι
1439 1117 1771 1208 fumumemittc·¹

151 1259 228 1337 ret,
267 1247 405 1317 melius
419 1245 549 1338 soret3
579 1249 671 1342 jam
701 1270 811 1334 cero,
851 1249 926 1320 etsi
952 1249 1043 1339 boc,
1084 1250 1186 1345 qood
1208 1261 1249 1318 tu
1273 1251 1494 1337 contendis,
1533 1273 1665 1323 cerum
1689 1249 1770 1339 est,'

150 1381 336 1479 quosdam
365 1378 428 1449 lu'c
452 1395 531 1449 esse
546 1377 741 1468 homines,
772 1367 935 1476 'quorum
959 1381 1122 1452 consilio
1138 1381 1303 1476 peplum
1328 1380 1508 1452 ablatum
1523 1371 1599 1470 sit,
1628 1407 1694 1476 ego
1713 1384 1769 1454 il·-

149 1516 234 1584 lam
248 1536 328 1583 rem
342 1511 398 1581 sic
414 1512 611 1600 existimo,
638 1537 701 1582 eos
721 1523 803 1584 'sua
823 1513 1048 1588 abstulisse.
1111 1515 1202 1585 lam
1230 1515 1290 1604 id,
1331 1517 1430 1610 qood
1449 1515 1557 1587 cobis
1568 1515 1768 1608 placitum

138 1647 272 1740 soret,
303 1647 350 1742 de
361 1647 485 1740 peplo
513 1644 668 1735 ablata,
703 1670 836 1719 oerum
857 1671 938 1738 esse
960 1647 1133 1718 credatis
1140 1672 1157 1740 ,-
1187 1629 1285 1718 milii
1304 1659 1436 1718 autem
1456 1671 1534 1720 nan
1562 1647 1765 1742 displicet,

146 1803 182 1848 ss
175 1779 335 1848 'illud
320 1790 379 1846 ita
400 1779 599 1849 conditum
615 1789 685 1862 est,
702 1791 746 1866 ut
756 1791 852 1874 post
867 1779 971 1850 banc
989 1781 1089 1893 diem
1106 1781 1369 1872 adHresnam
1384 1781 1607 1852 ornandam
1617 1802 1766 1873 parum

148 1891 337 2003 conserat.
390 1914 536 1980 Postea
560 1910 671 1980 baud
695 1913 778 1982 sine
781 1881 1081 2006 indignatione
1105 1911 1364 1984 discedebant.
1420 1914 1513 1986 Vm
1506 1913 1765 2008 Hjardbol-

148 2057 272 2115 tenses
287 2045 442 2115 domurn
469 2013 626 2113 rediere.
686 2044 775 2114 lam
788 2043 888 2134 finis
912 2044 1198 2134 conviviorum
1228 2057 1357 2114 tamen
1376 2043 1506 2114 omnia
1510 2045 1762 2138 sereqoieta.

144 2179 208 2250 De
220 2178 322 2272 pepl
323 2203 344 2246 o
360 2178 421 2246 nil
432 2188 571 2270 postea
584 2157 829 2276 cognitum.
835 2177 979 2248 Tamen
984 2200 1062 2272 pro
1077 2197 1165 2247 uero
1179 2172 1368 2261 habitum,
1389 2175 1515 2246 Tltoro
1518 2175 1629 2265 lfum,
1649 2175 1764 2246 Gud-

145 2333 260 2382 runoe
283 2310 430 2378 sororis
450 2310 619 2395 monitu,
648 2310 815 2403 peplum
840 2310 927 2404 igne
956 2307 1214 2379 combussisse.
1247 2345 1251 2356 ·
1272 2294 1406 2404 Hujus
1431 2308 1581 2402 hyemis
1600 2307 1763 2403 princi-

141 2443 216 2538 pio
231 2441 424 2538 Asgeirus
446 2440 664 2512 AEdicollus
688 2442 789 2514 diem
806 2441 920 2534 obtin
937 2441 1022 2534 filii
1040 2465 1132 2537 apes
1148 2462 1197 2512 ac
1203 2439 1457 2531 familiarem
1478 2464 1558 2512 rem
1576 2439 1760 2535 amplexi.

1314 2627 1320 2666 l

789 2681 918 2768 CAP.
932 2682 1118 2768 XLVII.

323 2803 419 2908 ¹Ea
445 2809 580 2932 hyeme
602 2809 697 2935 post
718 2807 1028 2940 festumjolense
1056 2809 1405 2940 Kjortanus'oirbs
1429 2813 1548 2912 adse
1563 2811 1762 2930 'evocaviss

143 2975 307 3065 tumque
324 2971 406 3041 LX
428 2985 698 3042 convenerunt.
763 2960 928 3043 Nulldm
945 2975 1168 3067 Kjartanus
1185 2973 1302 3067 patri
1331 2975 1433 3044 dixit
1457 2973 1612 3044 itineris
1631 2974 1763 3044 ratio-

143 3125 253 3190 nem,
300 3125 369 3170 nec
400 3103 545 3171 Oinous
567 3105 734 3173 multum
759 3085 806 3176 de
837 3128 885 3172 ea
914 3127 956 3173 re
982 3104 1149 3196 rogasit.
1206 3107 1430 3197 Kjartanus
1457 3106 1688 3198 papiliones
1714 3128 1764 3174 ac

144 3235 342 3306 alimenta
367 3221 493 3301 secam
525 3231 712 3325 abstulit,·
746 3235 892 3305 deinde
911 3234 1115 3328 profectus
1137 3257 1254 3330 usque
1277 3234 1369 3305 dum
1392 3237 1556 3328 Laugas
1574 3235 1760 3328 perveni-

141 3376 214 3438 ret.
300 3363 395 3434 Tum
413 3385 503 3434 suos
529 3363 579 3434 ab
601 3366 709 3460 eqois
736 3365 962 3448 descendere
975 3363 1160 3462 jubebat,
1200 3364 1386 3462 qoasdam
1409 3391 1519 3462 equos
1546 3364 1761 3451 custodire,

144 3497 332 3594 quosdam
351 3519 440 3590 nero
456 3497 628 3590 tentoria
638 3477 796 3590 ponere.
848 3497 907 3568 Eo
933 3509 1105 3590 tempore
1122 3497 1386 3589 multumsuit
1402 3499 1604 3590 usitatum,
1626 3510 1669 3570 ut
1694 3500 1761 3569 la-

145 3621 745 3724 trinoelorisessentetqeidema
759 3630 867 3704 villis
884 3630 1134 3726 aliquantum
1148 3645 1316 3704 remota.
1342 3631 1396 3702 Et
1414 3631 1473 3701 ita
1490 3634 1638 3730 quidem
1646 3632 1762 3702 Lau-

141 3764 208 3858 gis
225 3773 312 3869 erat
328 3761 562 3833 institutum.
613 3763 838 3858 Kjartanus
855 3765 1038 3838 domuum
1063 3787 1192 3838 omues
1211 3764 1327 3856 sores
1354 3763 1523 3853 obsedit,
1558 3789 1606 3836 oc
1633 3786 1762 3835 omnes

141 3891 338 3966 mortales
354 3891 458 3964 exire
471 3891 679 3985 probibuit
695 3888 816 3990 &per
835 3907 913 3967 tres
935 3897 1082 3994 quidem
1095 3909 1225 3966 noctes
1245 3897 1351 3967 intus
1370 3898 1461 3968 illos
1474 3899 1605 3970 alvum
1621 3920 1763 3968 exone-

144 4048 241 4098 rare
261 4022 396 4118 coegit.
448 4023 631 4094 Postltoec
649 4025 874 4119 Kjartanus
888 4023 1055 4100 'domum'
1072 4027 1190 4098 rediit
1204 4029 1542 4122 Hjardarlioltum
1568 4051 1764 4122 omnesque

106 4189 108 4194 ,
138 4143 259 4234 illius
280 4155 437 4226 comites
452 4179 548 4226 suas
575 4156 763 4251 repetiere
778 4145 928 4230 danius*
976 4143 1066 4233 Hoc
1090 4160 1165 4229 iter
1191 4143 1316 4232 Olavo
1341 4162 1556 4254 displicuit.
1634 4159 1762 4231 ΤΙιοι·ὁ

145 4292 272 4386 gorda
293 4290 366 4360 lcoc
393 4289 700 4384 vituperandum
714 4315 795 4363 esse
816 4293 984 4388 negavit,
1009 4293 1417 4387 eirosqoeLaugeuses
1435 4293 1553 4364 talem
1569 4317 1664 4365 sane
1692 4307 1764 4366 out

145 4424 334 4516 majorem
352 4422 525 4518 aliquam
541 4422 797 4518 ignominiam
822 4427 1063 4512 cornmsritos
1084 4425 1292 4497 contendit.
1350 4427 1455 4499 Tunc
1468 4427 1570 4501 dixit
1581 4427 1763 4522 Hresua:

147 4556 254 4626 Num
274 4553 357 4645 tibi,
381 4555 602 4648 Kjartom!
626 4579 711 4628 cum
734 4527 816 4628 ullo
833 4558 987 4630 bomine
1010 4560 1163 4654 Laugis
1181 4556 1533 4656 colloqeiumsuit?
1565 4561 1642 4634 Ille
1653 4560 1760 4629 rnul-

149 4700 232 4758 tum
261 4688 346 4758 illic
370 4687 445 4760 sibi
465 4659 599 4781 fuisse
631 4690 860 4788 colloquium
892 4693 1071 4787 negauit3
1115 4716 1155 4764 se
1177 4695 1291 4765 modo
1327 4719 1376 4765 oc
1395 4696 1571 4792 Bollium
1609 4693 1759 4788 aliquot

148 4815 310 4893 invicem
342 4821 449 4898 dicta
476 4820 701 4919 protulisse.
775 4817 870 4898 Tum
893 4807 1182 4919 Hresnd''cliicit
1204 4815 1426 4902 sublilem}
1443 4815 1650 4903 ¹licemilu’
1675 4845 1760 4934 cer,

1479 4963 1514 5031 D
1541 4959 1566 5027 d
