4612 5838
857 491 1073 610 Q

149 733 656 831 proestuntissimasorma
676 733 829 810 mulier.
875 735 1134 832 'ijtanus
1157 736 1285 806 sorori
1318 735 1691 823 Pharisaeorum,
1725 745 1771 804 ut

153 882 308 940 tantum
328 872 525 958 mercium,
552 883 735 968 qvmetum
751 871 831 965 ipsi
841 871 1033 965 placeret,
1058 891 1185 940 secum
1194 869 1384 959 auferret.
1437 868 1586 938 Eadem
1602 864 1771 956 Hresnoe

152 1026 177 1072 a
207 1003 332 1094 Kalso
366 1002 502 1074 allata
541 1004 723 1074 conditio.
800 1001 958 1104 Aperta
991 1014 1073 1070 tum
1096 1002 1245 1091 Kulfus
1274 997 1423 1096 magnei
1457 1003 1627 1095 qvadam
1651 995 1767 1084 arcti,

150 1137 266 1205 illam
294 1136 475 1205 mulieres
500 1137 614 1226 adire
641 1134 771 1224 jussit.
846 1133 908 1204 Ea
942 1133 1005 1202 die
1024 1133 1205 1225 procella
1234 1146 1394 1224 exorta5
1433 1133 1658 1225 Isp'artanus
1680 1151 1766 1198 cum

149 1267 266 1336 sociis
282 1291 458 1361 egressus
478 1269 533 1336 ad
552 1248 801 1360 religandam
819 1266 963 1337 navim.
1019 1263 1128 1352 Qvod
1149 1289 1263 1359 qvum
1273 1250 1542 1357 perfecissent,
1559 1267 1613 1336 ad
1632 1257 1766 1333 taber-

147 1397 297 1467 nacula
320 1399 472 1468 domum
498 1401 656 1468 rediere.
713 1399 890 1471 [l'liurida
908 1421 956 1466 ac
972 1395 1132 1486 Hresua
1143 1397 1334 1492 pleraqve
1357 1421 1403 1466 ex
1417 1365 1514 1465 arca
1530 1397 1764 1470 extulerant.

151 1529 189 1599 Τ
185 1553 260 1598 rinc
296 1529 456 1621 Hreffaa
476 1533 646 1624 peplum
666 1543 873 1624 arreptum
902 1530 1118 1624 explicuit*
1135 1539 1291 1624 tumqve=
1315 1529 1417 1598 inter
1450 1523 1631 1598 mulieres
1654 1526 1763 1585 ⁰rlu⁸

145 1679 290 1730 sermo:
311 1664 479 1733 maxime
495 1663 568 1732 lico
589 1687 669 1732 esse
680 1663 910 1757 pretiosum.
988 1660 1146 1751 Hrefaa
1177 1661 1298 1745 dixit,
1337 1684 1377 1729 se
1397 1661 1495 1732 velle
1518 1681 1562 1728 eo
1586 1647 1763 1741 obtegere

147 1806 288 1886 caput,
321 1796 423 1892 qvod
442 1794 620 1868 Thurida
636 1794 915 1889 comprobavit,
942 1789 979 1864 8<
998 1805 1080 1862 tum
1101 1791 1249 1886 qvidem
1263 1791 1423 1882 Hrefna
1441 1793 1499 1862 ita
1509 1787 1624 1882 fecit.
1681 1779 1761 1868 Qvo

147 1939 361 2024 conspecto,
375 1926 523 2018 Kallas
538 1927 580 1996 id
595 1928 699 1999 mole
723 1927 911 1996 accidisse
926 1925 1152 2030 affirmavit?
1180 1923 1284 1992 lianc
1301 1924 1403 1994 enim
1427 1947 1508 1992 rem
1524 1920 1650 1990 solam
1665 1933 1759 1994 esse,

146 2081 230 2154 qvae
255 2060 331 2128 sibi
354 2059 464 2130 lzaud
488 2070 585 2130 esset
608 2082 693 2128 cum
710 2025 910 2151 Kjartano
937 2056 1158 2127 communis.
1210 2055 1263 2125 Et
1286 2027 1399 2152 avum
1416 2055 1475 2124 ita
1492 2055 1758 2144 loqverentur,

140 2192 366 2285 Ilj‘artanus
394 2193 559 2264 intravit
581 2189 888 2274 tabernaculum.
936 2176 1016 2260 ¹Ille
1040 2212 1251 2260 sermonem
1279 2187 1465 2256 audierat
1486 2183 1628 2277 sibiqve
1647 2175 1759 2262 illius

139 2323 357 2392 vindicavit
375 2333 552 2417 partem,
597 2347 745 2417 negans
768 2321 920 2418 aliquid
943 2321 1131 2392 accidisse
1144 2321 1254 2390 moli.
1315 2317 1477 2411 Hresna
1495 2313 1668 2388 consedit
1680 2331 1758 2403 pe·-
1883 2333 1888 2344 ·

133 2455 256 2549 plum
279 2455 410 2526 acilius
429 2435 591 2550 gestans
620 2435 761 2549 capite.
828 2457 1053 2551 Iqartanus
1083 2453 1197 2524 illam
1218 2452 1354 2523 sedulo
1381 2449 1669 2543 contemplatus
1693 2440 1753 2510 ita

138 2587 316 2656 locutus:
342 2586 433 2660 bene
447 2587 531 2678 tihi,
545 2588 725 2679 Hresria!
746 2589 909 2684 peplum
925 2588 1080 2661 videtur
1097 2587 1311 2674 convenire,
1338 2587 1450 2682 idqve
1462 2582 1631 2659 maxum
1649 2596 1756 2647 com·

136 2719 295 2816 modum
312 2721 470 2812 judico,
505 2731 551 2810 ut
579 2735 778 2817 utrumque
798 2723 1024 2815 possideam
1057 2715 1281 2814 &peplum
1306 2715 1343 2790 ἃ
1371 2718 1569 2813 virginem.
1648 2693 1783 2780 TUM

136 2851 244 2921 dixit
258 2851 440 2943 Hresna:
464 2853 524 2920 ita
546 2854 751 2956 plerosqve
775 2865 982 2922 autumare
999 2853 1129 2940 oredo,
1174 2863 1210 2920 te
1236 2863 1317 2921 tarn
1347 2853 1423 2921 cito
1441 2869 1598 2922 uxorem
1616 2843 1753 2912 ducere

135 2983 266 3070 nolle,
310 3005 378 3055 nec
404 2981 553 3051 abillo
575 2984 756 3072 muliere,
805 3007 917 3078 qvam
927 2994 1066 3076 petas,
1102 2983 1213 3068 ferre
1241 2983 1453 3075 repulsam.
1528 2978 1753 3072 Kjartanus

133 3115 261 3186 dixit:
284 3115 396 3184 leaud
417 3115 554 3206 magni
576 3115 766 3202 interesse,
789 3137 904 3209 qvam
929 3101 1086 3184 uxorem
1112 3114 1420 3200 nancisceretur,
1467 3135 1507 3180 se
1528 3119 1661 3177 autem
1684 3103 1751 3171 ul-

135 3227 220 3316 lam
242 3239 311 3316 diu
335 3257 650 3339 exspectaturum
673 3235 842 3340 negavit.
894 3244 1055 3336 Hrefna
1074 3257 1154 3315 tum
1172 3245 1375 3340 peplume
1403 3243 1534 3335 capite
1553 3236 1751 3309 sublatum

134 3377 337 3472 Ifj'artano
354 3377 545 3445 tradidit.
606 3377 683 3448 me
712 3375 951 3446 condendum
981 3379 1143 3472 accepit.
1213 3377 1471 3448 Gudmunelus
1497 3397 1545 3444 ao
1573 3367 1754 3446 leurida

132 3511 379 3603 Kjartanum
396 3520 609 3603 rogarunt,
636 3520 680 3577 ut
701 3533 747 3577 ea
764 3508 919 3600 hyeme,
950 3531 1082 3582 versus
1107 3509 1300 3580 borealem
1315 3509 1508 3602 regionem
1524 3502 1748 3599 profectus,

130 3644 279 3714 amicae
292 3643 494 3714 visitatum
503 3642 730 3716 conveniret.
765 3611 988 3736 laureanus
996 3640 1196 3734 proficisci
1208 3641 1406 3736 promisit.
1442 3631 1748 3732 KalJusAsgei-

129 3778 169 3848 ri
188 3775 303 3872 filius
335 3798 467 3846 versus
500 3773 677 3845 borealia
702 3787 856 3880 secutus
873 3787 1044 3868 patrem.
1152 3773 1242 3844 lam
1270 3759 1493 3866 Kjartanus
1528 3794 1576 3840 ac
1597 3766 1747 3857 Kalsus

132 3931 282 3979 merces
304 3909 405 3978 inter
423 3933 462 3978 se
486 3907 661 3980 divisere.
712 3905 867 3978 Divisio
892 3919 936 3976 ut
957 3908 1060 3977 inter
1084 3907 1229 3977 amicos
1248 3907 1328 3977 sine
1345 3905 1586 3975 contentione
1605 3893 1755 4002 facta,'

132 4021 359 4134 Kjarianus
379 4031 513 4144 versus
524 4040 778 4127 occidentem,
811 4040 867 4108 od
881 4039 1010 4110 Dalos
1030 4017 1120 4112 cum
1137 4039 1336 4109 duodecim
1353 4038 1467 4107 sociis
1489 4060 1514 4104 a
1538 4032 1633 4104 navi
1644 4051 1750 4123 pro*

122 4177 272 4268 sectus,
291 4177 444 4244 domum
464 4170 924 4268 venitHjardarleoitum.
972 4173 1110 4242 Omnes
1129 4171 1239 4240 illius
1255 4171 1384 4240 loetati
1399 4171 1578 4240 adventu.
1619 4164 1746 4258 Kjar-

135 4323 257 4381 tanus
287 4305 338 4375 ab
378 4305 552 4375 australi
583 4315 706 4397 parte
737 4327 783 4372 eo
824 4315 1012 4374 autumno
1039 4329 1069 4373 a
1099 4303 1191 4374 navi
1225 4327 1316 4395 opes
1348 4325 1444 4374 suas
1470 4295 1746 4394 asportandos

29 4475 33 4490 ·
132 4440 299 4512 curavit.
388 4437 599 4508 Duodecim
639 4455 767 4506 annes
792 4437 897 4516 *socii
928 4433 1217 4532 Hjardarliolti
1245 4458 1323 4532 per
1354 4435 1526 4530 hyemem
1558 4451 1745 4504 mansere.

136 4574 289 4646 Olavus
313 4593 361 4641 ac
391 4569 558 4663 Osvisus,
584 4579 783 4658 mantea,
809 4569 985 4644 convivia
1005 4569 1219 4640 instituere.
1274 4571 1465 4643 Pervices
1485 4565 1745 4666 qvolibetau-

133 4721 269 4778 tumno
302 4707 406 4777 alter
428 4707 484 4774 ad
513 4705 682 4774 alterum
714 4685 914 4774 invitatus.
997 4703 1192 4773 Gudruna
1224 4703 1279 4772 ad
1311 4700 1487 4774 Bellium
1519 4695 1744 4798 qverehatur

132 4843 248 4912 illum
273 4837 347 4909 sibi
373 4861 519 4934 parum
554 4861 645 4910 vera
671 4837 850 4908 retulisse
877 4837 925 4910 cle
946 4835 1138 4934 Kjartam
1165 4837 1303 4909 reditu.
1381 4835 1539 4910 Bellius
1569 4827 1669 4902 dixit
1702 4849 1744 4897 se

1463 4970 1494 5042 Β
1518 4969 1543 5038 b
