4612 5832
904 503 1125 624 ..as-

202 753 274 825 illo
299 750 438 826 navali
461 751 560 846 qood
578 762 700 850 pater
725 751 1002 821 exstruendum
1025 763 1246 822 curaverat.
1300 749 1580 823 Geirmundam
1603 732 1752 826 'Oinous
1770 756 1828 825 ad

200 909 241 958 se
262 885 454 956 invitavit.
504 885 598 954 Hac
620 893 759 952 astate
783 883 931 954 Olaous
954 881 1115 954 dioetam
1137 882 1427 980 Iljarclarlzolti
1455 884 1688 978 ampliorem
1711 898 1824 982 atquo

199 1013 568 1114 magnificentiorem
583 1037 695 1110 qvam
721 1012 821 1084 aiibi
844 1020 1011 1108 unquam
1036 1027 1235 1089 exstructa
1257 985 1334 1107 sit,
1348 1005 1622 1108 cedz'ficandotn
1648 1017 1801 1088 curavit
1808 1042 1823 1110 ,·

200 1159 316 1223 erant
340 1146 633 1242 enimiparietes
648 1157 761 1244 atqve
779 1147 948 1216 lacunar
967 1145 1143 1240 antiquis
1158 1147 1339 1218 historiis
1356 1147 1544 1220 distincta
1552 1173 1567 1237 ,·
1607 1160 1722 1219 tanta
1738 1171 1824 1220 cum

198 1294 288 1354 arte
305 1282 380 1352 illa
397 1291 484 1352 erat
499 1279 620 1349 dioeia
638 1280 854 1368 adornata,
875 1290 919 1348 ut
932 1277 1057 1348 multo
1070 1279 1282 1373 pulchrior
1296 1279 1493 1352 videretur
1509 1281 1666 1352 remotis
1676 1283 1824 1375 cippa-

199 1413 287 1485 riis.
328 1411 509 1504 Quotidie
519 1411 781 1483 Geirmundus
796 1435 874 1482 non
890 1411 1040 1482 multus
1057 1410 1096 1482 in
1115 1411 1260 1481 alienis
1276 1409 1455 1504 negotiis,
1474 1413 1671 1508 plerisque
1685 1414 1822 1500 durus,

197 1546 259 1616 ita
276 1567 365 1619 vero
374 1545 603 1641 plerumque
620 1545 805 1616 vestitus:
831 1545 965 1616 tunica
984 1543 1105 1614 rubra
1126 1541 1304 1615 coccinea
1324 1541 1487 1613 indutas
1500 1556 1600 1633 erat,
1622 1555 1660 1613 et
1675 1545 1820 1638 glauco

197 1677 369 1757 amiculo
385 1676 666 1772 superindutus
672 1702 687 1770 ,·
721 1679 905 1748 oudonem
924 1677 1066 1771 apelle
1079 1677 1218 1746 ursina
1239 1673 1376 1774 capite·
1382 1674 1585 1768 gestabat,
1612 1675 1822 1771 gladium·

197 1829 264 1905 qve
282 1807 324 1878 in
338 1830 459 1880 manu
467 1832 666 1904 magnum,
685 1804 948 1899 illudserrum
964 1832 1032 1879 nec
1048 1819 1212 1904 argento
1225 1805 1464 1891 distinctum,
1478 1820 1735 1878 oculumvero
1752 1809 1820 1877 la-

198 1951 353 2038 tumque
364 1939 535 2034 ferram,
560 1963 629 2012 nec
644 1941 727 2012 ullo
747 1939 788 2009 in
808 1940 892 2010 loco
900 1940 1069 2035 ferrugo
1081 1941 1221 2010 inerat.
1245 1938 1366 2009 Illum
1374 1941 1555 2032 gladium
1565 1939 1819 2012 Pedimorso-

197 2096 276 2145 rem
292 2074 457 2161 (Fotbit)
473 2073 646 2162 vocavit,
679 2095 748 2144 nec
764 2071 876 2142 illam
895 2095 1062 2166 unquam
1080 2093 1236 2141 emanu
1253 2071 1413 2140 dimisit.
1471 2067 1588 2141 Brevi
1605 2071 1817 2140 Geirmun-

197 2205 270 2277 dus
291 2203 346 2275 ibi
366 2216 569 2275 manserat
587 2217 795 2302 antequam
818 2201 1036 2275 Tituridam
1056 2202 1310 2296 Olaoifilinm
1329 2226 1467 2273 amare
1485 2203 1651 2293 occepit,
1679 2201 1815 2272 illius-

195 2360 263 2432 qu
280 2337 394 2431 apud
412 2335 577 2406 Olovum
595 2336 719 2408 ambit
735 2335 917 2431 nuptias,
960 2337 1028 2408 sed
1044 2335 1386 2431 repudiatussait.
1438 2337 1584 2408 Postea
1603 2336 1816 2407 Geirmun·

193 2471 271 2540 dus
279 2467 490 2562 pecuniam
504 2467 739 2568 Tliorgerdae
753 2469 926 2563 largitus
942 2479 1011 2556 est,
1038 2469 1098 2538 uti
1113 2467 1217 2540 lianc
1233 2467 1492 2540 conditionem
1509 2468 1814 2563 adipisceretur3

194 2601 271 2672 illa
291 2623 380 2674 vero
403 2602 556 2695 accepit
567 2604 798 2697 pecuniam,
830 2601 1059 2675 ltaudenim
1086 2614 1174 2673 erat
1196 2602 1347 2696 exigua.
1398 2599 1553 2673 Deinde
1575 2602 1815 2700 leorgerda‚

193 2733 272 2802 aas
294 2734 341 2802 de
364 2757 407 2806 re
433 2757 518 2804 cum
548 2736 671 2807 Olovo
685 2737 780 2826 sari
796 2760 904 2825 orso,
947 2736 1172 2830 negavitque
1189 2759 1300 2804 suam
1316 2737 1454 2806 saltem
1466 2735 1689 2830 'opinionem
1698 2735 1814 2826 ferro

181 2859 319 2959 filiam
333 2863 533 2936 honestius
547 2866 741 2939 elocatum
760 2867 812 2939 iri
821 2893 836 2960 ,·
869 2871 1031 2956 etenim,
1065 2867 1206 2964 inquit,
1243 2867 1409 2962 insignis
1426 2869 1494 2939 ille
1509 2869 1587 2959 air,
1617 2864 1814 2962 proedives

191 3007 309 3092 atque
323 2995 460 3090 tnogni
475 2996 610 3067 animi.
668 2999 815 3070 Olaous
836 2999 1061 3093 respondit:
1094 2999 1165 3069 tiln'
1184 3000 1224 3068 in
1253 3001 1316 3069 liis
1332 3001 1392 3070 ati
1412 3001 1453 3070 in
1474 3002 1722 3082 coeterismos
1738 3023 1812 3096 ge-

193 3137 323 3216 retur,
357 3127 432 3196 etsi
455 3126 651 3198 lubentius
675 3130 751 3200 aiii
771 3131 856 3202 viro
882 3129 1099 3200 Thuridam
1123 3143 1290 3222 nuptum
1315 3132 1460 3202 darem.
1512 3131 1706 3202 Discessit
1732 3141 1814 3200 tum

199 3260 427 3356 'I'ltorgerda
441 3283 514 3329 suo
534 3271 638 3330 sorte
657 3258 965 3352 benecantento,
991 3274 1106 3358 atqve
1127 3284 1208 3333 rem
1233 3287 1379 3333 omnem
1402 3263 1640 3334 Geirmuuclo
1657 3263 1812 3334 elocuta

195 3405 265 3466 cst.
314 3393 392 3464 Ille
408 3415 498 3500 aero
509 3415 591 3488 pro
609 3392 732 3465 verbis
754 3418 803 3464 ac
820 3393 997 3466 consiliis
1013 3406 1126 3490 atqve
1140 3395 1406 3489 generositate
1422 3395 1631 3488 ei‘gratias
1651 3395 1812 3484 rederra·

192 3535 343 3622 tumqm
367 3525 630 3596 Geirmundus
656 3523 792 3595 uxoris
811 3525 1044 3620 petitionem
1069 3528 1182 3622 apud
1210 3527 1374 3598 Olaoum
1399 3550 1606 3618 renovare,
1653 3524 1813 3598 necilli
1852 3610 1856 3619 ¹

193 3670 276 3732 tum
307 3658 442 3753 aliqva
476 3657 625 3752 objecta
659 3656 883 3753 difficultas.
957 3661 1063 3752 Tunc
1092 3660 1270 3732 Thurida
1293 3659 1532 3730 Geirmundo
1558 3661 1813 3754 desponsata,

193 3791 513 3887 destinatumque,
523 3787 866 3898 utHjardarlzolti
879 3790 1062 3886 nuptiale
1063 3789 1182 3885 fieret
1200 3771 1416 3866 convivium
1434 3817 1568 3866 versus
1580 3791 1696 3888 finem
1712 3791 1813 3886 leye-

192 3922 282 3996 mis.
335 3924 448 3995 Illucl
464 3924 676 3997 convivium
701 3922 900 3993 ltominum
925 3947 1072 4019 magna
1087 3923 1275 4022 freqoens
1297 3925 1571 4016 multitudine,
1606 3921 1814 3996 tamenim

195 4053 319 4128 dioeta
338 4057 515 4151 perfecte
538 4059 746 4128 instructa.
807 4055 866 4125 Eo
893 4055 1065 4127 convivio
1101 4055 1217 4150 Ullus
1250 4057 1352 4150 Uggi
1362 4055 1478 4150 filius
1503 4054 1703 4148 interfuit,
1745 4053 1815 4124 illc

195 4189 438 4262 cantilenam
452 4193 499 4264 de
510 4191 635 4264 Olaoo
648 4187 847 4262 Hislculdi
861 4185 953 4278 filio
968 4188 1083 4284 deque
1104 4187 1188 4259 illis
1204 4187 1402 4279 nistoriis,
1427 4213 1509 4285 qooe
1525 4190 1566 4261 in
1586 4189 1709 4261 diaeta
1719 4185 1816 4284 pio-

196 4331 248 4394 ιω
262 4319 393 4412 erant,
414 4324 636 4416 confecerat
651 4345 811 4418 eamque
827 4320 869 4392 in
886 4320 960 4392 ltoc
974 4318 1147 4394 conuiuio
1158 4318 1342 4415 protulit.
1394 4323 1496 4394 Haec
1512 4321 1713 4392 cantilena
1733 4343 1815 4418 qvae

191 4457 441 4550 perpulchra
456 4458 603 4554 quidem
620 4463 696 4546 est,
724 4447 932 4526 cantilena
950 4455 998 4526 de
1011 4453 1391 4547 domo(Husdra'pa)
1409 4467 1583 4527 vocatur.
1638 4453 1817 4526 Cantile-

197 4611 291 4658 nam
321 4589 468 4662 Olaous
489 4589 581 4662 bene
604 4581 866 4661 remuneravit
896 4583 935 4661 8<
955 4586 1167 4683 magnifica
1197 4587 1307 4658 dedit
1330 4611 1493 4660 munera
1521 4588 1696 4662 omnibus
1718 4583 1817 4658 viris

199 4717 476 4815 nobilioribus,
510 4721 572 4820 qvi
592 4721 705 4796 illum
728 4719 954 4796 inviserant.
1004 4719 1067 4795 Ex
1089 4718 1163 4792 hoc
1186 4721 1335 4818 quidem
1358 4721 1529 4799 convivio
1554 4733 1673 4797 cacto
1694 4717 1817 4790 Olavo

196 4853 386 4950 dignitas.

1551 4991 1618 5064 Ρη
