4612 5832
920 515 1134 630 As...

212 771 559 857 cumpervenerot.
602 761 1043 868 Geir·munclusOlavum
1059 781 1145 830 cum
1161 772 1219 831 tot
1235 759 1467 850 bominibus,
1494 777 1585 861 qvot
1609 765 1688 862 ipsi
1712 789 1837 840 secum

211 893 511 966 drocereluberet
533 895 589 964 ad
609 919 649 966 se
667 893 865 965 invitavit.
917 894 1007 966 Hoc
1029 893 1271 968 Olavusnon
1288 911 1527 992 aspernatus
1552 924 1638 970 cum
1663 903 1706 973 V
1728 902 1839 972 illius

212 1027 429 1122 hospitium
446 1026 563 1095 adiit.
629 1024 768 1096 Cceteri
792 1023 910 1098 Oluvi
936 1025 1034 1096 socii
1059 1028 1224 1099 novales
1252 1053 1327 1124 per
1361 1031 1518 1104 diversa
1538 1034 1837 1105 Hordalandioe

212 1163 299 1232 loca
314 1159 493 1258 bospitio
517 1157 591 1228 sibi
606 1180 853 1253 occupavere.
922 1157 1182 1248 Geirmundus
1201 1162 1326 1234 Olavo
1340 1161 1479 1234 bonum
1494 1165 1709 1260 hospitium
1724 1167 1838 1240 exbi-

211 1292 307 1363 buit.
358 1291 639 1362 Domuseront
667 1289 807 1361 ibidem
829 1293 946 1383 altoe,
985 1293 1102 1363 multi
1119 1293 1307 1364 mortales
1329 1288 1367 1363 8(
1389 1319 1536 1389 magna
1564 1298 1619 1367 ibi
1629 1323 1706 1396 per
1731 1300 1836 1370 banc

210 1423 386 1518 hyemem
405 1423 607 1494 hilaritas.
649 1425 688 1496 V
686 1447 797 1495 ersus
804 1419 927 1515 finem
943 1424 1093 1518 byemis
1123 1425 1274 1520 Olavas
1301 1427 1540 1498 Geirmundo
1568 1432 1763 1524 negotium
1789 1429 1835 1502 ob

211 1557 316 1650 qvod
329 1555 506 1639 venisset,
522 1559 707 1641 elocutus,
722 1555 824 1626 dixit
840 1581 878 1626 se
889 1557 1000 1651 ligna
1013 1581 1092 1653 pro
1106 1557 1250 1630 adium
1264 1572 1465 1631 structura
1476 1583 1709 1656 comparare
1723 1567 1833 1654 velle,
1907 1605 1910 1613 ·

209 1687 416 1784 magniqve
432 1687 508 1758 sibi
523 1689 649 1760 videri
665 1689 829 1780 referre,
852 1701 897 1759 ut
913 1703 1015 1784 apta
1030 1691 1142 1784 ligna
1161 1693 1330 1786 eligendi
1347 1695 1512 1765 daretur
1531 1696 1661 1790 copia.
1715 1697 1835 1769 Geir-

210 1821 377 1892 mundas
391 1819 513 1903 dixit:
544 1821 707 1894 Haconi
731 1819 882 1892 comitis
907 1847 1002 1893 sane
1025 1826 1143 1916 sylva
1166 1823 1321 1916 optima
1342 1821 1454 1898 est&
1471 1840 1575 1900 certo
1596 1830 1694 1918 scio,
1735 1829 1771 1899 si
1791 1841 1838 1900 tu

211 1952 325 2024 illum
342 1953 546 2043 convenis,
583 1954 698 2025 illam
722 1954 763 2022 in
791 1967 860 2022 tua
879 1967 1080 2048 potestate
1091 1956 1200 2046 sore.
1262 1957 1339 2028 Ille
1352 1960 1477 2046 enim,
1514 1961 1656 2056 inqvit,
1690 1969 1835 2048 comes,
1911 2025 1915 2034 .

211 2083 301 2156 bene
315 2085 462 2180 excipit
480 2085 673 2176 homiues,
701 2084 773 2158 tibi
792 2087 914 2157 Olave
934 2085 1044 2155 bonis
1067 2083 1222 2156 artibus
1240 2087 1353 2159 baud
1370 2095 1679 2184 comparandos,
1714 2095 1750 2162 si
1766 2093 1831 2162 illi

208 2242 295 2289 eum
310 2221 469 2290 adeunt.
525 2221 625 2292 Vere
643 2219 862 2291 Olavusad
880 2217 1061 2302 Comitem
1080 2219 1285 2290 Haoonem
1303 2221 1361 2290 ire
1371 2234 1515 2316 parat.
1571 2225 1700 2294 Comes
1718 2224 1832 2293 illum

207 2349 301 2438 bene
321 2353 471 2446 excepit
489 2353 716 2448 rogavitqve
733 2365 778 2422 ut
794 2352 907 2445 apud
923 2375 962 2421 se
977 2363 1153 2446 maneret
1168 2353 1353 2447 qvamdiu
1371 2355 1451 2448 ipsi
1466 2356 1657 2448 placeret.
1731 2354 1832 2426 ola-

207 2509 284 2562 vus
305 2483 444 2556 Comiti
457 2485 570 2571 dixit,
597 2487 687 2581 qvid
701 2485 774 2555 sibi
788 2484 935 2579 negotii
951 2496 1062 2556 esset.
1115 2487 1317 2579 Rogamus
1335 2499 1382 2571 te,
1410 2485 1548 2582 inqvit,
1573 2488 1760 2578 Domine,
1785 2501 1830 2558 ut

208 2619 253 2688 in
281 2629 350 2689 tua
378 2622 491 2715 sylva
512 2617 623 2689 nobis
642 2619 756 2712 ligna
776 2620 834 2688 ad
852 2615 1023 2712 (edificia
1046 2622 1193 2692 coedere
1208 2621 1337 2692 liceat.
1405 2620 1535 2691 Comes
1559 2621 1831 2718 respondebat,

208 2751 321 2848 large
347 2753 419 2822 boc
444 2733 552 2822 sane*
568 2751 640 2822 tibi
663 2749 925 2840 exhibebitur,
981 2752 1055 2822 illa
1081 2753 1184 2824 enim
1208 2752 1319 2845 ligna
1343 2777 1425 2848 qvae
1451 2780 1523 2824 nos
1549 2754 1620 2824 tibi
1639 2752 1830 2840 dabimus,
1859 2817 1864 2827 .

205 2894 325 2956 erunt
349 2883 580 2976 sufficientia
603 2857 661 2952 ad
682 2881 812 2954 navim
834 2897 942 2953 tuam
960 2887 1224 2974 onerandam,
1259 2889 1463 2983 nonenim
1493 2899 1574 2958 tarn
1599 2885 1746 2984 nobiles
1767 2887 1831 2958 vi-

205 3036 276 3084 ros
304 3015 359 3084 ad
382 3037 452 3083 nos
476 3015 527 3083 ab
543 3013 728 3084 Islandia
755 3014 923 3108 quotidie
944 3016 1150 3108 pervenire
1167 3027 1379 3111 putamus.¹
1426 3022 1469 3090 V
1466 3043 1573 3090 erum
1593 3043 1677 3090 curn
1701 3021 1830 3090 disce·-

207 3148 363 3234 derent,
399 3147 508 3236 dedit
535 3146 599 3213 illi
619 3144 748 3215 Comes
774 3146 937 3228 securim
961 3159 1152 3216 auratam
1178 3148 1294 3216 valde
1311 3149 1551 3242 pretiosam,
1584 3151 1673 3220 dein
1691 3151 1828 3220 intimo

211 3300 296 3352 cum
312 3299 445 3348 amore
461 3275 719 3345 discedebant.
760 3277 1023 3346 Geirmundus
1039 3277 1143 3348 clam
1153 3279 1308 3369 fundos
1326 3278 1416 3350 suos
1435 3282 1611 3371 edocabit,
1638 3280 1712 3351 sibi
1729 3279 1831 3351 enirn

205 3419 475 3508 proposuerat
499 3431 545 3477 ea
570 3419 710 3477 astate
736 3409 777 3476 in
808 3409 922 3478 Olavi
949 3409 1042 3481 navi
1075 3411 1131 3482 ad
1160 3411 1385 3482 Islandiam
1412 3412 1622 3506 proficisci.
1693 3415 1831 3484 Omnes

209 3529 283 3614 ltoc
315 3542 488 3638 homines
514 3529 726 3629 celaverat,
774 3563 843 3611 nec
873 3542 1020 3612 Olovus
1042 3543 1195 3639 aliqvid
1225 3544 1301 3614 bac
1333 3546 1380 3614 de
1405 3567 1457 3614 re·
1479 3545 1592 3616 scivit
1623 3557 1830 3642 anteqvorn

211 3676 475 3748 Geirmundus
502 3696 598 3768 opes
625 3695 718 3744 suas
748 3675 805 3744 od
837 3675 952 3746 Olavi
982 3676 1113 3748 navim
1144 3680 1383 3772 deportaret.
1451 3676 1579 3748 Multi
1595 3678 1724 3770 suere·
1743 3679 1831 3750 tlte·-

210 3807 336 3879 sauri.
392 3809 497 3879 Tunc
516 3807 682 3878 Olavus:
705 3806 915 3878 noluissem
930 3819 968 3878 te
981 3832 1078 3880 sane
1094 3809 1134 3880 in
1147 3833 1236 3882 mea
1259 3809 1352 3882 navi
1364 3808 1556 3882 abducere
1576 3811 1612 3880 si
1626 3812 1699 3883 boc
1715 3813 1831 3906 prius

209 3940 416 4012 scivissem.
472 3939 593 4012 Credo
611 3939 712 4009 enim
733 3941 914 4034 qvosdam
934 3963 1015 4009 esse
1033 3941 1074 4010 in
1090 3941 1294 4029 Islandia,
1322 3941 1454 4038 qvibus
1471 3943 1659 4038 optimum
1666 3943 1778 4034 soret
1795 3955 1832 4014 te

211 4097 407 4172 nunqvam
426 4051 656 4166 conspicere.
720 4069 907 4138 Caeterum
931 4093 1015 4138 cum
1025 4072 1116 4165 jam
1140 4075 1264 4143 tantis
1292 4081 1376 4144 oum
1399 4071 1537 4170 opibus
1552 4075 1628 4146 buc
1647 4075 1832 4146 advenis-

212 4177 290 4294 ses,
310 4176 401 4277 nolo
426 4185 462 4276 te
481 4204 796 4302 quemadmodum
822 4201 996 4274 alienum
1019 4227 1152 4274 canem
1167 4205 1332 4300 abigere.
1387 4207 1649 4278 Geirmundus
1665 4231 1833 4304 respon-

213 4339 351 4414 debat:¹
386 4337 467 4412 Nec
494 4361 562 4433 ego
596 4335 645 4406 ab
682 4337 821 4405 itinere
847 4336 1053 4426 desistam,
1078 4331 1235 4408 etiamsi
1264 4341 1498 4410 tudurioro
1521 4340 1638 4412 verba
1658 4316 1833 4428 adhibes,

214 4495 304 4544 nam
332 4499 402 4568 ego
432 4474 474 4542 in
499 4484 631 4554 vestra
648 4468 742 4541 navi
764 4479 1016 4542 commeatum
1042 4469 1219 4541 nancisci
1241 4473 1367 4566 cupio.
1438 4475 1584 4545 Olavus
1610 4499 1694 4548 curn
1720 4478 1835 4550 sociis

214 4607 344 4678 navim
357 4602 647 4690 conscendebat,
668 4604 757 4676 velo
773 4603 882 4673 dedit
897 4602 939 4672 in
953 4604 1080 4674 altum
1094 4615 1278 4700 ventoqve
1299 4609 1466 4678 secundo
1478 4608 1638 4698 ferente
1650 4610 1700 4700 in
1712 4608 1833 4682 Brei-

213 4739 443 4836 dajjbrdurn
462 4736 651 4832 pervenit.
714 4736 766 4826 In
790 4734 890 4807 ostio
907 4725 1090 4829 fluminis
1108 4738 1226 4808 Laxa
1240 4741 1468 4834 ponticulos
1488 4741 1530 4812 in
1550 4754 1696 4816 terram
1715 4742 1835 4836 ejece-

212 4883 318 4944 runt.
380 4871 512 4967 Ligna
544 4872 693 4943 Olovus
714 4869 757 4942 in
784 4879 932 4943 terram
955 4871 1162 4966 asportari
1173 4871 1340 4967 jubebat
1362 4875 1560 4973 navimque
1584 4872 1776 4968 subduxit,
1789 4867 1835 4942 in

1609 5011 1640 5082 P
