4638 5844
875 461 1112 591 -...³.9.⁷....

195 719 440 796 instructus
473 710 730 792 advenerunt
755 715 863 806 dein,
903 711 966 812 qvi
993 717 1099 788 litem
1124 741 1349 814 componere
1376 719 1617 790 studuerunt.
1690 722 1807 794 Dixit

192 882 281 928 cero
297 858 448 947 Bergus
464 855 665 924 senullam
690 853 875 922 mttlctam
891 848 1169 943 pecuniariam
1195 875 1274 920 esse
1298 851 1575 939 admissurum,
1612 877 1679 922 nec
1698 857 1805 924 litem

189 1012 308 1083 posse
326 984 509 1076 transigi,
537 984 616 1054 nisi
628 985 773 1069 sulculi,
792 1007 872 1078 pro
887 1005 992 1054 ruore
1014 981 1128 1052 istius
1147 983 1297 1072 aetatis,
1338 994 1416 1053 tres
1431 986 1592 1078 cespites
1621 987 1677 1054 ad
1691 985 1804 1076 saci-

195 1143 268 1190 nus
292 1118 493 1210 indignum
514 1117 697 1188 luendum
712 1115 879 1199 subiret,
921 1125 1033 1208 atque
1051 1113 1109 1182 ita
1133 1113 1445 1186 humiliationem
1465 1119 1661 1210 proderet.
1721 1119 1803 1188 Re-

195 1249 356 1346 spondit
371 1248 506 1318 totutt
519 1272 560 1317 se
570 1248 710 1342 potius
726 1248 782 1317 ad
799 1245 1070 1338 malosgenios
1092 1244 1308 1331 abiturum,
1345 1271 1458 1340 qvam
1485 1248 1548 1316 illi
1570 1274 1712 1320 rnorem
1729 1272 1803 1344 ge-

195 1407 280 1452 rcre
298 1381 377 1453 vell
397 1431 405 1448 .
474 1369 726 1450 Tborsteinus
751 1403 838 1451 aero
856 1402 934 1450 rem
948 1379 1270 1471 perpendendam
1290 1403 1369 1448 esse
1387 1381 1568 1470 asseruit,
1594 1406 1702 1475 seque
1718 1405 1803 1450 ces-

190 1514 298 1608 pites
326 1511 545 1582 subiturum
563 1512 760 1604 promisit.
833 1512 883 1582 Id
905 1509 1151 1604 Bergusfsibi
1175 1511 1344 1604 sufficere
1368 1511 1478 1582 dixit.
1542 1513 1701 1583 Primus
1718 1529 1802 1582 ces-

190 1645 448 1740 pesbum'eros
465 1643 615 1736 tetigit,
651 1646 756 1714 alter
773 1642 990 1737 cingulum,
1026 1641 1170 1711 tertius
1193 1643 1247 1711 ad
1261 1637 1429 1712 inedium
1446 1668 1563 1738 usque
1566 1645 1703 1734 femur
1722 1648 1801 1716 nd·-

193 1775 351 1848 scendit.
403 1773 510 1844 Dum
530 1773 964 1868 Tborsteinusprimum
982 1773 1164 1868 cespitem
1181 1771 1311 1856 subiit,
1334 1773 1418 1844 brec
1437 1775 1553 1846 verba
1577 1778 1801 1849 exciderant
1898 1867 1900 1872 λ

192 1912 340 2002 Bergo:
364 1908 455 2001 jam
476 1905 603 1977 virum
633 1907 735 1976 inter
764 1907 1082 1978 Votnsdcelenses
1108 1904 1330 1998 principem
1354 1908 1435 1976 suis
1462 1906 1593 1976 instar
1614 1907 1799 1998 deprimo.
1844 1987 1846 1992 ,

193 2042 283 2112 Non
300 2052 408 2110 tuum
424 2049 493 2126 est,
520 2038 642 2132 inquit
663 2039 927 2127 Thorsteinus,
955 2036 1057 2105 talia
1074 2031 1240 2128 effutire.
1297 2036 1379 2106 Hic
1398 2038 1554 2136 primas
1568 2038 1643 2108 erit
1664 2035 1798 2110 verbo-

192 2197 277 2244 rum
294 2185 448 2244 tuarum
457 2173 630 2261 fructus,
649 2171 750 2264 quod
767 2193 844 2240 non
862 2170 1000 2263 plnres
1018 2167 1181 2260 cespites
1201 2167 1367 2240 subeam.

386 2305 448 2376 Ex
462 2329 509 2376 ea
529 2301 816 2387 observatione,
855 2302 956 2398 qvod
979 2299 1160 2392 cespitem
1186 2299 1315 2370 subire
1337 2301 1561 2396 ignominia
1578 2305 1659 2374 loco
1673 2304 1798 2394 duam

190 2440 273 2510 rint
287 2436 458 2524 lelandi,
485 2436 680 2531 explicari
696 2447 827 2528 potest
842 2433 1046 2504 dicterium
1065 2431 1190 2522 istud,
1216 2434 1314 2526 quod
1330 2433 1642 2528 Sberpbedinum
1659 2447 1797 2506 contra

190 2569 408 2662 biremium,
422 2565 767 2660 Thoroddifilium‚
781 2566 999 2659 protulisse
1014 2577 1157 2648 narrat
1163 2564 1330 2636 historia
1340 2565 1455 2636 Niali
1465 2563 1521 2659 *):
1539 2569 1705 2652 ”Servos,
1725 2568 1798 2656 ait,

186 2703 373 2797 quosdam
395 2701 525 2793 pretio
543 2699 769 2786 adduxisti,
801 2711 845 2768 ut
860 2698 1041 2792 cespitem
1057 2695 1280 2792 effoderent,
1303 2721 1409 2790 qvem
1427 2721 1511 2768 cum
1531 2699 1796 2792 surrepsisses,

192 2845 339 2902 noctem
359 2828 413 2899 ibi
428 2829 674 2924 transigebas
693 2830 815 2914 (siden
830 2829 978 2922 keyptis
993 2829 1047 2914 pb
1066 2840 1102 2898 at
1116 2827 1270 2911 prelum
1282 2839 1317 2896 st
1336 2830 1425 2898 rista
1440 2854 1514 2922 upp
1530 2833 1543 2920 j
1553 2831 1661 2900 ardo
1673 2856 1691 2900 r
1702 2855 1797 2900 men

192 2966 240 3035 ok
265 2963 387 3034 skreid
411 2961 463 3046 psi
490 2971 559 3046 pat·
580 2963 692 3031 undis
712 2985 773 3032 um
800 2959 991 3044 ueniunt·
1048 2961 1177 3031 Homo
1200 2958 1348 3028 scilicet
1369 2935 1629 3054 petulantior⁸
1646 2962 1799 3055 carpsit

196 3095 454 3180 Theroddurm
479 3093 579 3186 qvod
599 3115 677 3162 non
694 3094 819 3162 solum
833 3093 1007 3162 latebras
1023 3091 1256 3186 qvasiverit,
1292 3092 1360 3160 sed
1377 3117 1423 3162 ne
1448 3095 1598 3188 quidem.
1617 3095 1798 3188 cespitem

192 3227 318 3298 subire
335 3233 429 3309 (rem
448 3225 570 3318 igitur
581 3246 658 3318 per
676 3249 715 3294 se
731 3225 1141 3319 ignominiosom)prae
1158 3234 1259 3290 metu
1282 3225 1532 3295 recusaverit.

418 3357 526 3426 Durn
551 3356 674 3450 igitur
699 3357 869 3439 fornices
894 3356 1048 3450 respitii
1075 3356 1220 3449 sceptus
1244 3355 1285 3424 in
1300 3355 1466 3424 comitiis
1489 3357 1810 3447 exstruebantur„

191 3505 302 3587 atqve
319 3467 575 3560 observabant
597 3489 752 3560 lelandi
770 3489 877 3572 istos,
890 3490 1001 3558 nullo
1017 3489 1149 3573 fulcro
1166 3496 1416 3576 sustentatos,
1436 3489 1630 3559 interdum
1652 3491 1799 3584 quidem

191 3625 263 3694 boc
280 3623 340 3694 vet
363 3621 433 3690 illo
450 3619 633 3692 subeunte
648 3643 806 3690 manere
815 3618 974 3710 firmos,
1003 3620 1198 3690 interdum
1218 3643 1307 3691 vero
1329 3620 1523 3708 levissimo
1541 3635 1647 3692 rnatu
1672 3633 1798 3691 tactos

192 3775 370 3824 corruere
382 3776 393 3844 3
407 3751 537 3841 facile
553 3751 665 3820 illam
680 3753 800 3821 ritum
819 3753 1001 3852 cespitem
1020 3751 1207 3820 subeundi
1225 3753 1281 3820 ad
1297 3753 1491 3822 ordalium
1512 3754 1703 3846 quoddam
1722 3752 1800 3823 siae

181 3884 377 3982 judicium
387 3883 559 3952 Deorum
579 3893 795 3952 convertere
806 3853 1032 3973 potuerunt,
1051 3885 1148 3975 quod
1161 3906 1206 3950 ex
1221 3881 1388 3952 historia
1407 3897 1543 3952 nostra
1561 3909 1604 3978 p.
1635 3888 1681 3954 58
1697 3885 1798 3974 fac-

189 4030 269 4086 turn
287 4015 413 4104 fuisse
428 4013 684 4106 intelligimus
690 4038 704 4097 ‚·
724 4024 879 4082 constat
906 4012 1007 4082 enirn
1029 4013 1128 4082 tales
1145 4014 1290 4107 saepius
1314 4015 1485 4084 actiones
1503 4038 1527 4083 a
1556 4015 1681 4086 uariis
1700 4039 1800 4110 gen-

188 4147 291 4218 tibus
310 4149 365 4218 ad
380 4143 707 4239 bocprobationis
722 4167 846 4238 genus
866 4143 1082 4236 antiquitus
1093 4145 1225 4236 fuisse
1241 4143 1454 4233 adbibitus,
1470 4147 1510 4216 in
1530 4147 1661 4243 quibus
1676 4148 1801 4219 exitus

168 4275 171 4282 '
195 4275 278 4350 toni
293 4302 437 4373 anceps
452 4277 660 4366 videretur,
679 4288 722 4346 ut
742 4275 1033 4368 totussortunoe
1048 4289 1145 4347 esset
1166 4277 1435 4371 relinquendus
1452 4283 1519 4363 **).

197 4451 465 4470 m

242 4559 274 4628 *)
300 4560 398 4637 Sagun
420 4560 456 4620 ef
477 4559 565 4622 Nitti
582 4559 802 4639 porgeirssyni
824 4557 865 4620 ok
886 4579 998 4623 sonum
1018 4556 1114 4635 hens;
1135 4556 1436 4652 Kanpmonnohsvfn
1460 4567 1559 4634 1772,
1582 4573 1637 4634 ato
1659 4584 1689 4642 p.
1716 4570 1767 4634 13.

226 4661 273 4744 *Ἴ
298 4665 403 4722 Plura
425 4669 565 4744 exempla
582 4667 697 4726 talium
718 4665 911 4724 ordaliorum
928 4677 1051 4723 exstant
1068 4669 1103 4724 in
1121 4665 1359 4724 dissertatione:
1382 4665 1439 4723 ”on
1461 4663 1516 4724 tho
1539 4669 1613 4727 trial
1635 4670 1679 4745 by
1696 4669 1803 4728 ordeal

329 4745 1214 4908 iiiiii?inbiiiibi'sibiiffli⁸361sisti.
1229 4747 1452 4903 'iiif‘iiift
1462 4749 1624 4908 13Ὕῖῗῖ
1641 4755 1675 4809 '⁷'
1693 4753 1802 4812 Μεθ’
