4612 5838
813 525 1037 650 Α,

114 783 305 858 clinuttsre
325 780 446 870 aelle,
478 771 516 852 8<
539 775 612 848 boc
629 775 777 873 quidem
802 773 1046 870 perspicere,
1060 769 1063 776 ’
1079 781 1178 874 qood
1203 777 1244 849 in
1263 777 1447 850 Isloudia
1463 777 1574 850 baud
1591 777 1728 850 multos

115 915 182 988 tibi
201 939 263 988 rec
292 913 572 986 oblectamento
596 909 865 1000 ciutfutura,
906 907 941 976 si
963 909 1111 1003 quidem
1128 934 1243 992 „nunc
1268 911 1340 982 tibi
1364 909 1498 983 crebra
1522 923 1614 982 sunt
1641 935 1727 984 cum

113 1048 360 1144 Ingcbjb‘rga,
406 1043 510 1140 regis
537 1065 688 1129 sorore,
717 1040 923 1136 colloqvia.
1005 1041 1100 1112 Tum
1124 1043 1198 1114 illo
1225 1045 1282 1115 acl
1316 1046 1420 1142 regis
1447 1045 1562 1119 Olaui
1590 1045 1729 1118 culam

113 1149 445 1286 commorabatur,
471 1198 623 1264 earum,
650 1171 1007 1275 quainflNcroagia
1025 1185 1150 1244 essent
1167 1176 1392 1266 mulierum,
1416 1178 1726 1269 formosissima.

114 1295 337 1406 Kjartanus
368 1307 490 1381 dixit:
539 1308 623 1380 noli
656 1290 762 1376 'talia
797 1303 922 1398 loqui,
968 1329 1100 1376 verum
1136 1316 1267 1378 tomen
1292 1309 1535 1406 propinquos
1573 1326 1729 1386 nostros

101 1458 230 1542 'atque
252 1443 495 1514 amicos‘mcc
515 1440 669 1514 nomine
704 1437 865 1508 salutes.

686 1585 701 1602 ”
745 1590 898 1730 nse.
928 1643 1072 1730 xm.
1136 1576 1143 1596 ¹

309 1771 424 1910 Post
458 1806 541 1878 bac
577 1805 801 1908 Kjartauus
836 1825 885 1871 oc
923 1803 1081 1875 Bolliuc
1102 1783 1378 1896 ‘discesserunt'
1456 1809 1644 1884 Gissuruc
1683 1837 1737 1886 aa.

115 1940 297 2037 Jljoltius
319 1966 339 2012 e
364 1939 568 2034 Norvngio
596 1935 830 2028 nauigantes
854 1933 1001 2024 fausto
1024 1934 1086 2003 usi
1105 1935 1244 2006 itinere
1269 1938 1338 2008 sub
1366 1940 1611 2014 comitiorum
1633 1958 1759 2042 tem-7,

110 2099 189 2169 pus
208 2075 265 2143 ad
290 2071 656 2164 Vestmanua-eyas
673 2089 890 2161 peruenere
910 2077 1023 2160 atque
1047 2067 1211 2137 indeed
1232 2069 1499 2140 continentem.
1551 2073 1615 2143 Ibi
1637 2099 1734 2173 cou-¹

114 2219 249 2276 ventus
281 2188 329 2275 a'c
357 2203 549 2298 colloquia
584 2199 896 2296 propinquorum
919 2198 1239 2294 frequentantes,
1286 2202 1343 2271 ad
1370 2203 1533 2297 publica
1573 2185 1737 2280 comitia⁸

111 2358 323 2430 pervenere
345 2359 393 2408 ac
416 2336 464 2406 de
485 2333 674 2428 religione
697 2332 824 2402 multa
849 2354 898 2400 ac
924 2329 1074 2400 diserta
1089 2331 1221 2422 fecere
1245 2332 1380 2423 verba,
1430 2347 1580 2433 tumque
1604 2364 1732 2411 omnes

111 2467 301 2538 mortales
327 2466 367 2536 in
383 2466 568 2538 lelandia
593 2463 817 2558 religionem
843 2483 1034 2557 accepere.
1090 2463 1286 2536 Belliuse
1309 2463 1476 2536 comitiis
1499 2493 1584 2541 curn
1613 2473 1735 2545 Olaaa

110 2611 262 2694 patruo
289 2594 629 2688 fflordarlcoltum
640 2595 851 2690 projectus
877 2591 927 2664 ab
956 2595 1309 2672 caminiacum
1336 2600 1732 2698 conicitis-exceptus.
1813 2689 1818 2700 Ι

115 2733 242 2820 Quum
278 2729 389 2800 Boll'
375 2753 437 2800 cuc
473 2727 528 2808 ibi
558 2727 665 2798 brevi
694 2727 922 2816 mansisset,
952 2729 1155 2828 Laugom
1172 2727 1443 2813 oblectationis
1470 2736 1610 2828 gratia
1641 2757 1735 2833 equo

114 2874 247 2936 vectus
276 2855 315 2929 8<
345 2860 433 2930 lecte
465 2860 618 2959 quidem
634 2872 817 2954 exceptus
844 2871 911 2930 est.
978 2859 1173 2928 Guclruna
1200 2862 1329 2932 multa
1357 2865 1404 2936 de
1439 2865 1550 2976 illius
1576 2867 1734 2970 itineri-

114 2980 204 3080 bus,
229 2965 363 3060 multa
379 2967 638 3084 delsjortano
654 3011 805 3082 rogare.
855 2987 936 3058 Bol
936 2969 1161 3083 liusfacile
1179 2993 1235 3062 ad
1251 2997 1402 3084 omnia,
1435 3023 1519 3092 qaoe
1538 3001 1734 3076 Gudruna

115 3133 289 3221 rogaret,
315 3108 591 3215 respondere,⁸
577 3141 619 3188 m
633 3117 715 3188 suis
736 3131 824 3189 cero
840 3117 1045 3218 itineribus
1059 3115 1212 3214 aliquid
1232 3125 1480 3198 memorabile
1493 3144 1644 3222 gestum
1664 3157 1736 3203 ne-

114 3279 212 3353 gare
220 3279 236 3345 ,³
269 3253 581 3346 conjectorium
601 3273 710 3338 acra,
749 3250 891 3346 inquit,
926 3250 1025 3344 quod
1046 3227 1209 3343 attinet,
1236 3252 1370 3326 'multa
1405 3281 1500 3330 sane
1513 3261 1662 3352 fausta
1689 3262 1736 3338 c'e

118 3389 228 3459 illius
250 3381 476 3456 conditione·
495 3379 574 3452 dioi
586 3393 780 3476 possunt,
797 3382 875 3452 'ille
888 3381 989 3450 enim
1009 3383 1066 3452 ad
1084 3383 1199 3458 atace·
1214 3388 1320 3481 rogis
1343 3391 1484 3460 aulam
1500 3413 1592 3487 proe
1606 3398 1738 3491 quouis

119 3521 199 3592 alio
222 3515 378 3589 bomine
408 3512 653 3604 (estimatum
690 3536 822 3584 oerum
853 3525 983 3586 tomen
1007 3535 1084 3601 non
1109 3515 1306 3607 nsircbor',
1334 3522 1378 3594 ‘si
1404 3527 1599 3617 proximis
1617 3531 1739 3602 annio

121 3653 167 3722 ill
151 3655 186 3724 le
213 3651 258 3722 in
288 3645 473 3720 Istondia
504 3645 615 3716 baud
644 3644 768 3716 multo
791 3647 959 3754 fruetur
979 3646 1140 3750 gaudio
1216 3652 1411 3746 Gudruna
1449 3670 1529 3729 tum
1563 3665 1739 3756 rogavit·

120 3808 211 3855 num
241 3781 312 3851 boc
338 3805 363 3848 a
367 3779 472 3873 liqna
496 3777 582 3845 alia
596 3775 714 3868 fieret
739 3801 885 3863 causo,
924 3799 1038 3870 quam
1068 3757 1171 3871 qvod
1192 3783 1276 3878 regi
1300 3787 1399 3858 ncleo
1429 3803 1526 3862 escot
1562 3795 1740 3898 amicus?

119 3917 178 3988 Bo
182 3913 280 3985 llius
304 3907 453 3992 dixit:
451 3933 521 4005 qna
525 3910 580 3978 lec
612 3909 658 3978 cle
680 3893 872 4005 Kjartoni
890 3919 1005 4004 atque
1023 3903 1285 4007 lngebjiirgoe,
1321 3919 1424 4012 regis
1448 3926 1603 4014 sororis,
1632 3929 1737 3996 ami-

122 4047 214 4118 citia
253 4066 448 4114 sermones
466 4043 737 4132 jactarentur,
770 4064 876 4135 seque
904 4041 1065 4134 opinari
1088 4041 1338 4135 affirmauit,
1364 4073 1489 4145 regem
1512 4057 1737 4148 petinet
1674 4061 1737 4130 illi

122 4177 397 4274 Ingebjbrgum
426 4175 670 4244 elocuturum
697 4195 808 4268 qoam
837 4172 966 4267 ipsum
1003 4173 1273 4266 dimissurum,
1313 4180 1349 4250 si
1369 4181 1453 4253 bac
1484 4187 1547 4256 illi
1579 4202 1739 4288 utroque

124 4311 296 4382 corcelitio
328 4308 509 4402 eligenda
542 4303 759 4401 afferretur.
829 4306 1023 4376 Gaurum
1047 4305 1186 4377 bonum
1214 4309 1317 4382 bunc
1345 4317 1526 4388 nuntium
1561 4321 1740 4418 affirma.

125 4443 199 4532 cit,
240 4465 373 4517 oerum
398 4452 528 4512 tamen
555 4438 711 4532 negauit
728 4439 976 4530 ‚Kicrtonum
999 4441 1138 4525 talem,
1173 4445 1322 4536 qualem
1346 4464 1559 4523 mereretur
1585 4478 1741 4530 uxorem

128 4573 438 4664 nancisci‚,nisi
470 4570 613 4644 bonam
644 4570 940 4665 adipisceretur.
1006 4573 1073 4646 Ito
1099 4571 1238 4664 finitus
1270 4577 1429 4656 illorum
1456 4609 1592 4662 sermo.
1656 4593 1743 4664 Illo

129 4709 293 4778 multum
326 4707 547 4780 erubescens
577 4703 697 4794 abiit,·
736 4702 812 4772 alii
836 4716 968 4775 autem
1003 4704 1258 4796 dubitabant,
1290 4726 1421 4786 utrum
1445 4717 1523 4788 ista
1550 4747 1647 4795 noua
1679 4725 1742 4794 illi

132 4853 284 4911 tantum
305 4843 529 4934 placerent,
571 4849 757 4933 quantum
786 4837 860 4907 illa
885 4839 1019 4909 eadem
1050 4841 1303 4914 collaudavit.
1362 4847 1520 4922 Bollius
1542 4880 1587 4924 ea
1605 4867 1743 4928 oestatc

131 4975 234 5044 domi
260 4969 768 5067 ercanebatHjarclarbolti,
800 4991 875 5066 per
901 4970 1018 5042 istam
1039 4970 1397 5070 peregrinationem
1418 4985 1585 5054 multam
1610 4989 1741 5085 adep·
1843 5029 1848 5036 ·
