4590 5844
880 505 1081 632 Q

165 755 203 834 8(
223 761 282 834 ita
299 757 450 859 quidem
459 761 698 854 factum-est.
751 758 918 834 Ancilla
938 763 1140 857 lacrymas
1149 786 1196 832 ec
1214 756 1338 832 oculis
1354 759 1397 832 in
1408 762 1607 857 pulvinar
1622 767 1792 864 defluere

165 898 378 994 conspexit.
433 897 676 989 Paullopost
689 919 860 1002 magnus
874 897 981 970 venti
998 896 1150 967 sonitus
1171 897 1414 968 coenaculum
1417 900 1626 992 percussit.
1684 905 1791 976 lunc

165 1033 267 1106 dixit
291 1032 564 1104 lloreteinus:
592 1029 646 1102 ibi
658 1030 748 1126 jam
770 1031 970 1102 Thorlelli
988 1031 1148 1126 cognati
1172 1032 1458 1123 interfectorem
1475 1033 1642 1123 fremere
1666 1038 1789 1108 audi-

166 1192 264 1242 mus.
315 1167 408 1238 lam
428 1166 476 1236 de
499 1165 699 1236 Thorlelli
722 1163 863 1236 itinere
888 1167 1203 1236 memorandum:
1240 1168 1309 1237 ille
1334 1193 1380 1238 ea
1406 1169 1469 1239 die
1488 1192 1574 1240 cum
1593 1170 1663 1241 IX
1675 1171 1790 1242 sociis

164 1277 375 1376 naualibus
388 1322 462 1395 per
478 1297 797 1391 Breidafio‘rdum
814 1297 1029 1394 navigavit.
1089 1300 1185 1371 Tum
1202 1313 1339 1373 centus
1354 1303 1525 1396 primum
1542 1315 1652 1374 ortus
1668 1299 1707 1375 8<
1723 1294 1791 1376 ec-¹

164 1434 455 1510 nementissima
474 1434 611 1506 deindo
628 1443 860 1527 tempestas,
898 1432 962 1503 illi
987 1445 1118 1514 tamen
1133 1435 1326 1507 alacriter
1343 1437 1385 1507 in
1413 1437 1552 1508 itinere
1566 1405 1791 1533 perstitere,

164 1582 282 1643 erant
300 1569 402 1642 enim
415 1568 493 1643 viri
506 1567 674 1639 maxime
695 1568 855 1639 strenui.
915 1567 1146 1640 leorlcellus
1158 1570 1341 1664 gladium
1353 1571 1621 1666 Skbsnungum
1639 1571 1791 1643 cistella

163 1707 356 1780 inclusum
382 1727 510 1776 secum
531 1701 681 1776 leniuit.
740 1702 972 1775 ttorkettus
988 1727 1073 1775 cum
1100 1703 1216 1774 sociis
1223 1755 1236 1792 ,
1268 1705 1501 1800 usquedum
1523 1706 1793 1778 adBiarnar-
1887 1750 1893 1762 ·

161 1866 276 1940 eyam
297 1839 544 1938 perveniret,
570 1837 795 1935 navigavit,
821 1849 973 1934 tumque
989 1836 1039 1908 ab
1059 1850 1221 1934 utroque
1240 1839 1377 1910 littore
1388 1839 1499 1910 illiue
1516 1841 1593 1910 iter
1603 1865 1791 1936 conspec-

163 1989 329 2062 tumest,
355 1999 425 2073 qvo
444 1971 511 2072 ubi
525 1973 729 2070 pervenit,
756 1969 881 2060 turbo,
909 1972 1037 2044 velum
1049 1970 1297 2068 percutiens,
1323 1972 1455 2042 navim
1473 1972 1675 2046 subvertit.
1728 1973 1792 2046 toi

168 2111 400 2186 Tltorlcellus
427 2131 629 2204 omnesque
646 2107 854 2196 mortales,
888 2093 950 2200 ¹qvi
976 2105 1040 2175 illi
1068 2105 1268 2195 adessent,
1305 2103 1504 2178 submersi.
1555 2107 1689 2202 Ligna
1711 2129 1790 2203 per

58 2295 62 2306 .
164 2244 409 2320 insulaslate
420 2243 461 2313 in
472 2241 748 2338 terramejeota
760 2250 863 2311 sunt.
911 2238 1789 2336 Angulorescolumnaeininsula,qcoepostea

163 2381 305 2476 Stasey
311 2377 464 2476 [insula
481 2369 690 2469 columneo]
705 2386 844 2447 vocata
856 2385 929 2462 est,
943 2375 1086 2471 ejecta.
1137 2371 1394 2468 Slroffnungus
1406 2375 1570 2470 scaphae
1583 2375 1791 2468 costissu-

163 2528 253 2590 erat
271 2513 423 2611 affixus.
473 2511 554 2582 Ille
576 2510 621 2581 in
635 2509 933 2606 §kisnungseya
955 2507 1222 2604 deprehensus
1242 2519 1314 2580 est.
1371 2509 1543 2602 Vespere
1564 2531 1655 2582 vero
1677 2511 1790 2582 illius

165 2649 258 2736 diei,
274 2673 343 2748 quo
360 2645 593 2720 Thorlellue
607 2668 697 2716 cum
714 2645 833 2715 sociis
852 2642 1190 2734 eratsuimersus,
1213 2641 1260 2714 id
1275 2643 1371 2718 aovi
1385 2643 1612 2740 Helgaselli
1628 2646 1789 2738 accidit,

167 2809 282 2883 quum
303 2782 457 2858 coeteris
473 2778 653 2852 omnibus
666 2777 980 2852 decumbentibus
993 2779 1191 2850 Gudruna
1207 2779 1399 2874 templum
1417 2778 1561 2852 adiens
1580 2781 1792 2852 caemeterii

162 2931 328 3018 portam
344 2915 527 3002 intraret,
552 2925 598 2986 ut
612 2913 771 2984 larearn
786 2909 863 2982 sibi
877 2915 1046 2985 adstare
1056 2911 1310 3007 conspiceret,
1325 2936 1406 3007 qeoe
1421 2915 1480 2985 ad
1491 2939 1580 2986 eom
1594 2939 1677 2986 sese
1688 2939 1792 3012 pro-

167 3055 325 3128 clinans
341 3048 467 3122 dixit:
490 3069 682 3142 magnae
699 3045 934 3138 ressiunt
957 3045 1226 3117 Gudrunal
1279 3047 1475 3118 Gudruna
1492 3050 1719 3144 respondit:
1743 3063 1792 3121 at

167 3203 212 3263 tu
237 3188 333 3260 illae
350 3184 448 3273 cela,
473 3179 640 3271 infelix!
667 3180 877 3266 Gudruna,
906 3178 977 3266 uti
994 3179 1270 3266 constituerat,
1290 3182 1350 3250 ad
1371 3183 1559 3275 templum
1577 3183 1791 3279 pergebot3

167 3345 279 3424 qvurn
299 3344 342 3392 eo
358 3315 605 3414 perveniret,
637 3313 887 3386 leorlellum
899 3325 1018 3410 atqve
1044 3313 1156 3385 illiue
1172 3315 1299 3386 socios
1321 3317 1481 3386 reduces
1505 3328 1620 3411 atqve
1647 3319 1792 3414 templo

165 3459 376 3530 adstantes
386 3478 427 3525 se
442 3450 669 3546 conspicere
683 3447 878 3521 credebat.
915 3447 1202 3522 Eeeetimentis
1216 3473 1322 3545 aqva
1335 3447 1494 3519 marina
1510 3451 1679 3544 defluere
1692 3452 1790 3524 viso.

167 3593 364 3670 Gudruna
381 3587 473 3660 illos
482 3586 595 3659 haud
607 3582 984 3678 allocutatemplum
994 3581 1166 3655 intrav-it
1174 3581 1312 3678 ibique,
1327 3585 1514 3680 quamdiu
1531 3585 1611 3681 ipsi
1619 3587 1793 3683 placuit,

166 3722 413 3800 morabatur.
480 3723 635 3794 Deinde
662 3719 831 3793 intravit
855 3717 1119 3804 econaculum,
1157 3716 1405 3790 leorlcellum
1419 3719 1525 3789 enim
1545 3730 1661 3817 atqve
1681 3721 1795 3794 illius

169 3859 295 3934 socios
305 3856 348 3927 id
361 3855 555 3948 ingressos
572 3849 753 3944 rebatur5
778 3875 848 3947 qvo
862 3849 933 3922 uli
944 3851 1061 3941 uenit,
1079 3851 1216 3921 nullus
1228 3851 1640 3926 ibimortalisaderot.
1698 3857 1796 3928 Tum

169 3991 365 4070 Gudruna
390 3997 474 4059 toto
500 3985 574 4056 lsoc
592 3997 734 4057 eventu
758 3983 927 4055 multum
946 3983 1189 4079 stupefacta.
1253 3982 1326 4054 Die
1345 3985 1489 4056 mortis
1514 3985 1663 4059 Christi
1681 3989 1797 4060 Gud-

169 4149 389 4215 runasuos,
412 4133 460 4194 ut
473 4119 566 4219 qvid
580 4119 627 4190 de
646 4117 844 4192 Tltorkelli
859 4117 1001 4190 itinere
1013 4128 1301 4214 cognoscerent,
1323 4118 1467 4208 emisit,
1488 4121 1674 4216 qcosdam
1692 4120 1798 4193 inte-

172 4265 281 4342 riora
309 4281 441 4336 versus
462 4256 504 4328 in
521 4255 759 4343 Strandam,
791 4253 982 4351 quosdam
997 4273 1089 4327 vero
1110 4253 1170 4323 ad
1186 4251 1352 4325 insulas.
1409 4254 1508 4326 (Iunc
1523 4255 1638 4352 ligna
1657 4281 1680 4327 e
1703 4255 1798 4353 naci

171 4401 291 4499 ejecta
305 4397 388 4467 lats
403 4415 479 4490 per
496 4367 913 4486 insulas&utrumqve
928 4387 1044 4460 littus
1060 4388 1256 4483 dispersa.
1290 4386 1543 4463 Diesaturni
1561 4401 1655 4462 ante
1665 4390 1798 4484 ferias

38 4581 42 4590 ·
166 4529 588 4636 paschalesltoecnooa
602 4524 813 4620 divulgata
828 4501 996 4594 multum
1006 4522 1164 4595 animos
1177 4547 1341 4597 movere.
1383 4519 1799 4598 Tltorlcellusenimil-

174 4665 314 4743 lustris
322 4664 469 4758 suerat
483 4661 685 4758 princeps.
744 4655 994 4745 norkettus,
1019 4682 1133 4755 qvum
1155 4658 1196 4729 in
1214 4679 1318 4756 aqva
1336 4659 1536 4747 interiret,
1572 4681 1692 4730 unum
1709 4665 1800 4726 erat

172 4825 321 4877 annum
336 4810 456 4871 natus
476 4811 593 4896 atqve
612 4793 892 4896 qradraginta.
945 4792 1036 4864 Hoc
1052 4805 1184 4866 autem
1200 4795 1347 4866 accidit
1371 4794 1489 4868 annis
1509 4804 1694 4892 qcatuor,
1721 4811 1801 4860 an-

174 4953 324 5038 teqvam
344 4933 491 5014 Olaeus
504 4958 572 5009 rex
594 4946 756 5010 sanctus
770 4929 1029 5007 occideretur,
1076 4929 1272 5004 Gudruna
1288 4927 1487 5004 thartan·
1500 4923 1666 5002 interitu
1686 4922 1801 5000 valde
