4612 5838
925 503 1017 590 171

161 785 261 858 ceps.
288 757 403 828 Coelo
425 753 581 827 mitiore
595 756 727 848 sacto,
747 777 894 852 inagna
910 753 1110 828 bominum
1123 757 1337 830 multitudo
1351 759 1456 854 regis
1476 760 1616 832 nuntio
1636 747 1796 834 suoca-¹

162 907 204 966 to
223 895 280 966 ad
293 889 425 962 urbem
444 888 630 960 convenit.
678 889 808 961 Multi
831 890 873 962 in
894 887 1155 962 Transllteimo
1179 891 1391 964 christiani
1398 893 1509 986 sacti
1514 945 1528 981 ,
1563 895 1628 964 illi
1648 905 1779 970 tomen

155 1027 296 1144 plures
320 1023 386 1120 9νί
415 1021 709 1092 christianismo
738 1024 1103 1125 tergiversarentur.
1154 1023 1305 1124 Aliqea
1332 1027 1395 1096 die
1418 1039 1608 1100 conventu
1635 1030 1676 1098 in
1700 1049 1777 1122 op.

155 1162 275 1256 picto,
319 1158 361 1227 in
377 1153 517 1250 Eyris,
560 1167 790 1240 convocato,
827 1179 895 1226 res
922 1156 971 1224 sle
997 1155 1185 1248 religione
1202 1159 1329 1228 multo
1348 1173 1461 1254 utqoe
1481 1162 1630 1248 diserta
1658 1161 1776 1234 cerba

149 1293 265 1386 fecit.
330 1290 473 1382 Ingens
504 1311 547 1358 eo
576 1287 821 1382 confluxerat
847 1285 1061 1358 multitudo
1090 1286 1416 1379 Tlsronclensium,
1458 1275 1776 1390 qui'regisecum

158 1446 320 1496 monum
348 1419 572 1491 conserendi
598 1423 794 1516 optionem
820 1419 1002 1490 obtulere.
1069 1421 1155 1490 Rex
1178 1419 1272 1490 illos
1299 1421 1372 1492 boc
1395 1437 1583 1519 reputare
1602 1427 1776 1519 jubebat,

159 1559 262 1654 qvod
286 1555 435 1626 maiore
460 1577 545 1624 cum
570 1551 610 1625 oi
637 1553 893 1647 conflixisset,
951 1577 1066 1647 qoam
1095 1550 1279 1624 barbarae
1313 1553 1620 1630 Throndensium
1643 1563 1775 1654 gentis

155 1699 265 1762 esset.
329 1689 426 1761 Tum
453 1686 552 1758 cives
572 1687 781 1780 perterriti
803 1709 950 1774 ornnes,
969 1737 974 1745 -
993 1709 1056 1756 res
1078 1686 1119 1756 in
1141 1687 1247 1781 regis
1263 1697 1503 1782 potestatem
1523 1691 1774 1784 deferebant,

158 1837 311 1920 tumque
336 1821 453 1892 multi
482 1820 670 1910 mortales
696 1818 904 1913 baptizati.
978 1819 1138 1890 Solutus
1164 1819 1307 1892 deinde
1333 1837 1554 1895 concentus.
1627 1825 1776 1898 Eodem

155 1981 312 2052 uespere
336 1977 406 2028 ren
429 1955 486 2024 ad
507 1953 760 2024 Islanslorum
785 1951 1000 2046 hospitium
1025 1951 1212 2048 9000110111
1230 1975 1395 2024 suorum
1418 1956 1637 2050 delegatos,
1683 1958 1778 2054 qvisl

157 2090 317 2162 Islancli
342 2090 610 2184 loqverentur,
654 2083 863 2180 explorare
882 2081 1057 2178 jubebat.
1123 2083 1196 2152 Illi
1219 2084 1366 2180 quidem
1390 2086 1452 2154 ita
1471 2087 1625 2177 secere:
1663 2088 1774 2160 mul-

157 2236 223 2296 tus
241 2222 295 2292 ibi
312 2221 511 2313 strepitus.
571 2218 795 2313 Kjartanus
815 2227 898 2286 tum
917 2215 1094 2286 Bollium
1117 2215 1321 2287 allocutus
1341 2219 1403 2286 ita
1426 2243 1543 2289 orsus
1567 2233 1645 2291 est:
1668 2247 1774 2294 mum

155 2367 219 2445 tu,
261 2353 446 2448 cognate!
483 2349 661 2422 lubenter
679 2349 792 2420 illum
809 2349 979 2443 accipies
997 2349 1138 2439 ritum,
1172 2374 1287 2446 -qvem
1309 2373 1376 2422 rex
1399 2353 1625 2424 annuntiat.
1688 2355 1772 2450 Ego

153 2489 269 2560 haud
290 2509 384 2556 sone
405 2483 580 2555 lubenter
601 2483 818 2579 accipiam,
854 2481 1150 2554 dicitBollius:
1186 2465 1383 2554 ille'enim
1401 2483 1507 2572 milri
1528 2486 1630 2556 ritus
1656 2489 1773 2558 ualde

151 2616 420 2717 effaminatus
436 2607 600 2690 cicietur.
660 2616 1024 2714 Kjortanusslisit3
1061 2615 1318 2689 nonnevobis
1341 2617 1511 2689 roscillis
1527 2619 1772 2692 0101100111ιί-

135 2755 257 2843 tori,
282 2754 346 2848 qvi
364 2753 514 2824 nollent
532 2747 1222 2823 000011110000101111010001111110111
1266 2751 1431 2822 Bollius
1449 2752 1569 2822 dixit.-
1590 2752 1667 2824 lsoc
1685 2751 1773 2848 qoi-

21 2876 24 2884 “
150 2889 241 2958 dem
259 2906 326 2956 rex
350 2883 461 2969 baud
480 2881 638 2952 obscure
654 2881 947 2978 obloqoebotur,
980 2883 1079 2978 90οι1
1098 2881 1432 2954 talibusmaximo
1444 2885 1774 2972 mala-subeunda

140 3019 299 3112 sorent.
352 3017 455 3086 Nolo
470 3038 539 3108 ego
555 3013 703 3108 quidem
723 3009 776 3080 ab
800 3012 883 3116 ullo
904 3014 1059 3084 bomine
1076 3016 1180 3108 cogi,
1202 3016 1303 3084 dixit
1319 3017 1561 3111 Rjomanos,
1587 3018 1774 3114 quamdiu

151 3161 280 3222 erecto
296 3171 459 3242 corpore
476 3145 612 3214 standi
628 3168 677 3213 ac
692 3167 806 3214 armo
819 3146 1005 3238 gestandi
1015 3146 1138 3216 robur
1148 3144 1252 3216 milti
1265 3132 1445 3238 caperest
1453 3172 1466 3234 ,-
1478 3160 1520 3215 et
1533 3171 1633 3215 sane
1648 3149 1773 3216 mise-

152 3305 242 3354 rnm
248 3281 400 3376 judico,
410 3277 446 3347 si
462 3277 915 3373 qoemoslmodumagnue
923 3277 1354 3373 exagniliflutuulpes
1365 3305 1390 3348 e
1400 3277 1583 3372 decipulo
1596 3301 1772 3372 caperer.
1794 3313 1798 3320 ·

153 3415 276 3486 Illam
286 3427 381 3482 sane
391 3407 648 3480 conditionem
660 3408 861 3479 meliorem
870 3407 1058 3500 arbitror,
1071 3411 1107 3480 si
1123 3411 1274 3507 quidem
1289 3410 1530 3482 moriendum
1543 3423 1613 3500 est,
1627 3412 1776 3505 aliquid

153 3559 274 3618 anteo
288 3555 537 3640 perpetrare,
561 3541 800 3632 cuiussama
821 3542 940 3635 longa
948 3554 1046 3636 post
1057 3541 1249 3613 memorio
1260 3545 1495 3614 retineatur.
1530 3545 1773 3616 11011100άί-

153 3681 233 3751 xit:
254 3675 428 3774 9011111111
443 3675 774 3768 tuncsaciendum
785 3672 903 3747 rere?
917 3675 1088 3770 Hocego
1098 3677 1237 3749 nullus
1248 3675 1408 3764 caelabo,
1421 3677 1525 3750 dixit
1537 3679 1772 3771 Kjartunns,

152 3833 282 3904 regem
296 3811 336 3884 in
356 3811 468 3880 domo
479 3807 781 3882 comburendum
795 3831 939 3878 censeo.
959 3809 1094 3880 Haud
1109 3833 1177 3904 ego
1195 3809 1268 3882 boc
1280 3809 1772 3903 pusillanimisconsilium

122 3941 308 4042 '.juclico,·
334 3967 465 4016 verum
477 3955 631 4030 tamen,
661 3951 846 4038 quantum
865 3965 938 4036 ego
955 3942 1181 4036 pravideo,
1193 3941 1279 4011 :boc
1293 3965 1388 4013 sone
1404 3942 1609 4012 henderit
1625 3963 1771 4037 perpe·
1872 3961 1874 3970 ¹

156 4089 329 4164 tratum,·
355 4101 500 4171 magna
511 4077 617 4146 enim
637 4074 739 4170 regis
744 4075 932 4165 fortuna,
944 4072 1083 4167 ,1111900
1084 4073 1224 4164 fatum
1236 4075 1441 4172 benignum
1455 4088 1524 4162 est,
1538 4073 1661 4165 firma
1674 4096 1771 4168 qvo-

157 4233 224 4304 qve
239 4210 275 4279 ei
294 4209 657 4280 custodiaetnoctu
674 4220 717 4278 et
733 4205 916 4278 interdiu.
955 4205 1179 4300 Kjartanus
1192 4207 1391 4302 plerisque
1399 4205 1617 4276 ,audaciam
1632 4207 1771 4296 deesse,

157 4340 315 4410 etiarnsi
326 4355 568 4436 praestantes
581 4339 813 4428 essentoiri,
833 4340 1046 4410 0001001111.
1084 4339 1243 4434 Bollius
1255 4339 1448 4410 incertum
1468 4363 1547 4411 esse
1567 4339 1691 4424 (licit,
1707 4339 1771 4435 qvi

157 4473 325 4544 maxime
350 4477 533 4546 audaciae
548 4437 1036 4567 desectuss'nsimulandus
1059 4485 1167 4544 esset
1229 4473 1355 4546 Multi
1375 4495 1464 4548 cero
1488 4473 1647 4546 inutiles
1672 4473 1770 4542 istos
1897 4531 1902 4544 .

157 4629 238 4677 esse
263 4630 454 4682 sermones
479 4607 772 4682 contendebant.
833 4607 942 4696 Quod
963 4605 1031 4680 ubi
1052 4608 1369 4703 exploratoribus
1392 4609 1512 4706 regiis
1523 4617 1770 4702 compertum

157 4751 236 4831 est,
270 4743 326 4812 acl
345 4765 470 4838 regem
493 4744 556 4814 1111
576 4741 777 4829 redibant,
804 4739 970 4838 10100900
990 4765 1123 4814 amnes
1136 4743 1301 4817 docuere
1325 4765 1528 4815 sermones.
1581 4737 1769 4812 Proxima
1893 4763 1895 4768 ·

1498 4877 1571 4945 Ys
