4590 5844
872 500 1072 647 ez.

160 797 262 849 runa
287 773 452 847 nomine.
526 771 751 846 Multorum
779 773 843 848 iiii
880 775 1029 847 artium
1051 777 1197 870 periti,
1244 777 1396 852 divitiis
1422 777 1649 874 pollebant,
1687 779 1779 872 filio

159 933 297 980 nomen
317 909 483 996 otacus,
516 918 598 976 tum
623 909 692 978 itte
712 911 938 980 adolescens
958 933 1007 978 ac
1024 911 1184 1004 optimae
1206 912 1300 1005 spei.
1369 913 1584 997 Gedrtena,
1631 913 1780 984 Thordi

160 1065 271 1132 uxor,
285 1041 432 1126 Ballio,
457 1037 700 1130 Bolliifiiio,
732 1043 943 1112 admodum
963 1015 1052 1112 erat
1063 1067 1203 1137 genere
1217 1045 1468 1140 propinqoa,·
1494 1057 1582 1116 erat
1598 1046 1703 1126 enirn
1717 1045 1781 1114 tta·

160 1173 403 1248 consobrina.
450 1153 582 1242 Filius
598 1193 731 1242 eorum
757 1144 903 1246 Obaeus
918 1199 1056 1245 nomen
1076 1177 1190 1246 Olavi
1206 1179 1268 1248 Pa
1287 1181 1333 1247 de
1352 1179 1781 1273 Hjardarboltouoca·

161 1319 301 1380 tusest.
359 1305 594 1375 Tizardueac
613 1305 874 1395 Thorualdus,
898 1307 1054 1400 Hjaitii
1064 1305 1161 1399 filii,
1186 1308 1282 1402 Hofi
1298 1311 1339 1380 in
1354 1313 1599 1408 Hjaltadolo
1617 1311 1782 1383 babita-

160 1442 277 1526 bant,
301 1437 496 1533 dignitate
516 1437 698 1532 insignes.
755 1439 966 1530 Iborolsus
989 1443 1221 1535 nomenfuit
1240 1443 1324 1512 -viro
1346 1467 1394 1511 ac
1410 1444 1664 1537 Styrimadur
1686 1444 1780 1540 [gu-

160 1567 608 1666 berneiam-cognomen,
644 1569 915 1644 babitaculum
939 1572 1089 1666 Iitufis3
1110 1575 1234 1664 seron
1252 1576 1315 1644 illi
1330 1577 1485 1648 animus
1501 1602 1549 1646 ac
1570 1581 1780 1650 admodum

158 1709 365 1783 vehemens.
410 1683 748 1788 Taurdsiliierat,
768 1705 1360 1799 canusacadmudumjuriosus.
1418 1709 1779 1782 ThordusdeMar-

161 1841 367 1913 baiocum
386 1834 548 1910 Arnoro
574 1835 741 1907 muttum
761 1836 1108 1938 peregrinabatur.
1185 1841 1215 1910 'I
1216 1840 1373 1930 boroljo
1398 1842 1656 1935 gubernatori
1680 1865 1779 1914 uxor
1889 1933 1891 1936 Ι

159 1985 259 2064 erat,
276 1979 446 2068 cognata
455 1965 638 2059 Arnoro,·
666 1968 846 2062 ipeeuero
862 1969 1447 2066 Jub'altiifitiorumfuitctiens5
1474 1979 1611 2047 muttoe
1631 1975 1696 2045 ilii
1711 1999 1778 2045 eo-

91 2127 93 2132 ’
161 2108 246 2178 ttae
262 2128 347 2175 cum
361 2102 508 2172 accolis
532 2100 773 2192 simultates,
805 2101 975 2174 maxime
991 2115 1124 2172 autem
1149 2127 1234 2174 cum
1248 2100 1595 2196 Marboelensibus,
1636 2120 1777 2177 taurus

160 2240 262 2312 enim
276 2237 387 2307 illiue
409 2233 537 2304 multa
552 2232 774 2304 bominibus
793 2235 943 2330 damna
965 2235 1119 2322 intulit,
1153 2252 1267 2332 'quum
1290 2260 1320 2316 ey
1338 2240 1600 2310 communibus
1610 2240 1777 2334 pascuis

160 2373 305 2446 rediret
309 2395 326 2460 5
354 2368 549 2441 laceravit
563 2366 664 2437 enim
676 2391 824 2462 pecora
839 2367 1039 2466 bominum
1048 2419 1061 2454 ,
1108 2391 1176 2442 nee
1198 2369 1311 2438 cessit
1328 2369 1552 2464 lapidibus3
1580 2372 1778 2468 perfregit

158 2520 291 2578 autem
306 2515 433 2600 septa,
447 2513 630 2574 catorum
647 2502 776 2572 mutto
794 2501 874 2597 egit
882 2477 1004 2572 maia.
1066 2499 1244 2574 Ibordus
1263 2502 1310 2571 de
1329 2503 1526 2576 Marboelo
1546 2505 1777 2596 Tborolfum

158 2640 263 2712 adiit
282 2660 440 2732 rogantes
467 2648 512 2708 ut
526 2647 685 2706 taurum
707 2635 886 2705 custodia
904 2632 1108 2707 cohiberet.
1161 2635 1354 2708 Nolumus
1369 2637 1482 2727 enim,
1503 2638 1639 2733 inqiut,
1664 2637 1775 2708 illiue

156 2772 313 2869 perpeti
325 2770 563 2844 violentiam.
629 2769 841 2860 Tborotfus
858 2769 1019 2864 negarit
1042 2768 1116 2838 sibi
1130 2769 1322 2861 futuram
1348 2772 1567 2842 custodiam
1595 2770 1775 2841 armenti.

159 2905 228 2978 Ita
252 2902 430 2974 Ibordus
448 2903 603 2972 domum
618 2899 747 2970 rediit.
800 2903 1026 2994 Pautopost
1049 2901 1227 2982 Ibordus
1247 2899 1446 2974 subversos
1462 2928 1487 2971 a
1502 2914 1622 2976 tauro
1638 2929 1776 2976 cumu-

160 3032 451 3130 loscespititioe
477 3032 690 3126 conspexit.
757 3032 937 3104 Thordus
958 3055 1001 3104 eo
1025 3035 1199 3104 cucurrit
1214 3035 1372 3105 bustam
1392 3062 1514 3110 manu
1529 3045 1683 3123 tenens,
1708 3063 1777 3132 qva

158 3177 364 3264 conspecto
377 3166 444 3237 bos
455 3166 531 3236 tali
536 3163 726 3261 prorupit
735 3164 934 3261 impetunt
949 3178 1066 3237 terrce
1075 3165 1569 3266 immergerenturunguloe.
1601 3171 1779 3240 Tbordue

160 3304 274 3386 illurn
279 3301 527 3395 feriititasta
537 3301 635 3370 adeo
650 3297 809 3370 utbumi
817 3313 994 3370 mortuus
1005 3298 1287 3391 procumberet.
1344 3302 1524 3373 Tbordus
1550 3303 1779 3393 Tboroljum

158 3435 453 3530 eonveniteiqre
470 3435 571 3508 dixit
586 3445 782 3504 mortuum
801 3457 880 3504 esse
899 3431 1039 3506 bovem.
1071 3433 1294 3526 Iuglorium
1320 3435 1363 3504 id
1369 3461 1463 3507 sone
1474 3435 1653 3527 facinus,
1676 3433 1781 3505 dixit

166 3571 201 3642 T
197 3569 388 3660 boroista,
414 3581 459 3638 ot
472 3593 542 3664 ego
560 3567 709 3665 quidem
731 3590 908 3676 cuperem
922 3566 1075 3662 aliquid
1082 3578 1331 3662 perpetrare,
1343 3571 1444 3663 qvod
1466 3569 1537 3640 tibi
1553 3565 1781 3659 baudsoret

148 3701 381 3800 jucundius.
462 3701 675 3792 Tborolfus
699 3703 846 3796 lingna
866 3723 1016 3798 parum
1039 3713 1262 3797 temperans
1277 3701 1509 3775 minitantia
1533 3702 1661 3772 multa
1677 3722 1782 3794 pro-

162 3837 257 3906 tulit
272 3833 392 3906 dicta.
449 3831 605 3904 Tbordo
620 3834 732 3904 domo
755 3834 830 3906 iter
847 3846 938 3904 erat
946 3833 1180 3926 faciendum
1189 3860 1203 3926 3
1220 3834 1335 3926 filias
1349 3835 1495 3908 Oinone
1507 3846 1588 3905 tum
1604 3833 1783 3907 VIIsiue

164 3969 278 4044 VIII
291 3990 419 4040 annos
435 3979 523 4038 erat
543 3979 675 4038 natue.
701 3967 743 4036 Is
755 3991 780 4038 a
800 3967 900 4042 villa
920 3967 976 4036 ad
996 3967 1124 4038 lusum
1139 3979 1567 4064 egressum-'puerorum
1582 3987 1689 4038 more
1707 3965 1783 4035 do-

160 4127 266 4176 mum
282 4100 358 4172 sibi
373 4101 532 4174 struxit.
563 4099 775 4190 Tboroifue
793 4123 836 4170 eo
849 4099 1062 4204 adveniens
1080 4100 1198 4170 basta
1221 4099 1605 4194 transfixitpuerurn.
1630 4097 1785 4168 Deinde

164 4235 453 4308 domum-rediit
469 4257 519 4304 ac
537 4257 716 4324 uxorem,
742 4255 824 4329 qva
838 4245 933 4304 acta
954 4246 1098 4322 essent,
1132 4232 1276 4303 docuit.
1326 4233 1386 4304 At
1400 4233 1494 4306 itta:
1520 4233 1593 4304 boc
1617 4231 1782 4326 quidem,

166 4371 305 4466 inqoit,
333 4362 551 4464 malignum
570 4391 619 4437 ac
631 4368 848 4459 nefandum
850 4368 1032 4460 facinus,
1049 4390 1118 4440 nec
1138 4367 1222 4439 sine
1235 4368 1360 4438 mutto
1375 4369 1483 4438 malo
1500 4355 1567 4437 tuo
1574 4363 1762 4455 futurum
1768 4385 1782 4452 ,·

165 4505 234 4575 ille
250 4507 358 4595 uero,
388 4527 503 4600 quum
530 4528 628 4574 uxor
644 4525 732 4573 eum
750 4515 831 4574 tam
840 4501 1018 4598 graviter
1038 4499 1273 4596 castigaret,
1315 4501 1417 4572 abiit
1440 4504 1572 4588 domo,
1617 4521 1686 4584 nec
1711 4495 1784 4565 iti-

163 4663 255 4712 nere
289 4635 510 4728 desistebat,
536 4649 741 4734 anteqcam
756 4632 1012 4708 Miktobeeum
1035 4635 1092 4703 ad
1105 4633 1307 4707 Arnorum
1317 4635 1551 4730 perveniret.
1599 4629 1784 4724 Utrinque
1887 4713 1891 4720 ,

164 4777 212 4844 de
233 4773 345 4844 noris
362 4785 554 4866 rogatum.
623 4769 833 4865 Iborolfus
857 4769 921 4840 itti
947 4769 1063 4842 Olavi
1086 4771 1229 4846 cadem
1255 4771 1394 4842 retulit
1419 4771 1572 4844 dicens:
1609 4761 1721 4857 apud
1747 4769 1784 4827 te

158 4909 243 5000 jam
265 4928 394 5002 qcoero
410 4909 604 4981 auxilium
619 4917 793 5002 prepter
811 4902 1054 5000 affinitatem.
1114 4904 1298 4979 Arnorus
1322 4901 1548 5002 respondit.-
1579 4896 1783 4994 bonorem

1507 5035 1544 5104 U
1562 5055 1586 5106 u
