4612 5832
869 460 1082 578 ..Q

173 707 504 782 Olaouoeoamno
523 701 735 794 exaltatur,
769 705 946 786 mulieris
968 704 1100 778 adbuc
1118 709 1268 780 uultum
1292 679 1332 810 {e
1354 711 1577 808 conspicere
1592 713 1783 788 credebat.

168 842 327 938 Magna
344 837 470 912 Olava
488 836 604 932 liujus
618 839 759 911 samnii
775 865 891 928 eura,
917 838 1055 914 amicis
1079 839 1183 911 illeed
1197 845 1446 934 memoravit,
1481 869 1549 916 nea
1576 845 1694 916 talem
1718 846 1786 918 ul-

171 978 236 1047 lue
272 971 385 1058 illiue}
409 968 733 1066 significationem
773 971 1001 1062 divinabat,
1055 997 1141 1070 quoe
1178 974 1259 1067 ipsi
1290 976 1481 1069 placeret.
1555 978 1628 1048 Illi
1656 991 1786 1052 tamen

173 1108 299 1180 Olaea
324 1104 469 1201 optime
492 1101 597 1200 loqui
614 1103 718 1202 ⁸aiei,
751 1103 817 1202 qvi
841 1105 1135 1195 contenderent,
1155 1106 1316 1200 faloam
1335 1110 1475 1182 samnii
1498 1111 1706 1206 imaginem
1720 1111 1784 1183 illi

166 1239 422 1336 apparuisse·
506 1231 513 1238 ’
1334 1235 1340 1294 ³

788 1393 919 1529 cta.
942 1369 1164 1530 'tuom¹

372 1601 547 1733 osulfus
564 1650 653 1712 erat
665 1661 801 1712 nomen
817 1635 919 1723 viro,
946 1637 1009 1709 illi
1022 1638 1192 1740 Helgiuo
1201 1652 1340 1734 pater,
1365 1637 1457 1710 buia
1466 1651 1586 1736 pater
1606 1643 1784 1732 Ottaruo,

169 1769 263 1846 teate
282 1773 432 1871 Bjiirno
451 1771 709 1862 Austranue,
736 1769 828 1842 buia
850 1771 1023 1843 Ketilluo
1036 1771 1249 1863 Flatnefue
1269 1773 1483 1866 Bj‘o'rnonio
1505 1773 1634 1845 Bunae
1654 1773 1781 1868 filiae.

172 1906 295 2002 Oevifi
310 1919 437 1978 mater
449 1918 538 1978 erat
550 1904 790 2000 Midbjbrga,
804 1904 912 1997 cujus
925 1916 1052 1974 mater
1068 1916 1155 1974 erat
1166 1904 1444 1998 Kadliuafilia
1454 1903 1785 2000 Gaungu-Hralfi

167 2039 317 2140 (Hrolft
333 2034 579 2135 Gradientie)
604 2037 751 2109 Oxna-
766 2034 942 2104 Tltariria
952 2032 1048 2126 filii.
1099 2035 1181 2106 Hie
1200 2047 1289 2106 erat
1307 2037 1478 2108 illustris
1495 2039 1537 2108 in
1555 2038 1656 2109 Vico
1670 2038 1783 2108 Her-

164 2199 298 2270 aarum·
324 2175 398 2246 ltoa
411 2195 502 2245 aera
517 2192 724 2266 cognomen
742 2176 951 2262 acceperat
969 2163 1061 2260 qaia
1079 2165 1142 2236 illi
1158 2167 1230 2238 ΙΙΙ
1245 2179 1359 2238 erant
1377 2169 1518 2238 inouloe
1534 2181 1573 2238 et
1594 2169 1633 2237 in
1649 2169 1783 2264 quali-

161 2309 229 2382 bet
254 2308 388 2379 insula
414 2305 575 2376 LXXX
597 2301 717 2372 tauri.
790 2301 916 2371 Unam
935 2296 1081 2368 barum
1101 2299 1322 2370 insularum
1349 2312 1464 2396 atqve
1490 2301 1609 2370 simul
1634 2311 1782 2390 tauros,

161 2437 233 2536 qvi
255 2435 320 2507 illi
338 2435 507 2525 inerant,
545 2433 628 2528 regi
641 2433 802 2512 Haconi
820 2431 922 2501 dono
935 2429 1064 2519 aedit,-
1088 2455 1236 2527 magna
1253 2432 1363 2501 illiue
1377 2433 1472 2503 doni
1475 2431 1608 2523 sarna.
1665 2433 1783 2503 Oovi-
1831 2457 1834 2464 ·

150 2570 234 2664 fut
258 2565 356 2640 erat
375 2567 440 2642 uir
464 2566 675 2638 admodum
698 2564 868 2660 sapiens.
924 2562 1002 2632 Ille
1024 2561 1178 2659 Laugio
1203 2559 1260 2658 (in
1278 2563 1376 2635 villa
1399 2565 1574 2638 Therma
1595 2563 1718 2658 diota)
1739 2566 1781 2636 in
1860 2621 1867 2634 .

163 2697 430 2795 Satiagodalo
452 2696 631 2769 babebat.
686 2697 800 2770 Villa
813 2695 967 2788 Longae
982 2694 1039 2766 ad
1051 2695 1347 2790 meridionalem
1363 2697 1496 2790 ripam
1499 2697 1684 2790 fluminio
1694 2698 1781 2768 See-

168 2832 393 2930 lingedaloa
411 2833 646 2902 exadversus
666 2827 842 2923 Tangam
860 2826 939 2896 sita
957 2837 1026 2896 eet.
1087 2831 1193 2899 Uxor
1206 2840 1295 2898 erat
1314 2829 1450 2920 Ooviso
1466 2829 1671 2916 Thordisa,
1684 2828 1781 2924 fllia

172 2961 368 3056 Tltjodalfi
383 2962 489 3054 Lagi
505 2955 757 3056 (improceri).
809 2958 909 3028 Filii
925 2957 1008 3026 illie
1022 2971 1158 3030 erant:
1177 2961 1334 3054 primus
1359 2964 1558 3056 Ospakue,
1591 2965 1782 3034 secundae

166 3094 361 3190 Helgiuo,
388 3092 528 3166 tertius
547 3093 592 3167 V
586 3089 811 3178 ondradus,
837 3100 1000 3182 quartus
1015 3091 1226 3178 Torradue,
1254 3093 1645 3186 quintuoTboralfuo,
1670 3119 1783 3165 mar·
1822 3183 1826 3190 ι

170 3228 289 3299 tialeo
306 3209 434 3296 omneo
450 3223 539 3296 oiri.
612 3221 808 3294 Gudruna
824 3231 912 3290 erat
928 3217 1113 3312 illiefilia
1124 3223 1464 3317 proestantiooima
1483 3223 1624 3294 mulier
1643 3225 1782 3296 lumin

170 3355 356 3432 lelandia
373 3353 697 3442 adolescentium,
735 3349 1065 3444 tamabformam
1082 3353 1533 3451 quamobprudentiam.
1588 3358 1783 3430 Gudruua

171 3501 259 3563 erat
278 3488 420 3562 mulier
442 3487 653 3560 admodum
673 3481 829 3554 urbana
859 3484 958 3555 adeo
982 3493 1027 3552 ut
1055 3507 1098 3554 eo
1126 3495 1298 3583 tempore
1321 3498 1551 3559 caeterarum
1576 3492 1784 3563 mulierum

172 3623 339 3697 mundus
348 3643 428 3716 pro
445 3615 700 3714 infantilibus
715 3616 941 3712 crepundiis
956 3614 1263 3712 existimaretur,
1290 3643 1376 3694 oum
1392 3621 1502 3690 illiue
1516 3625 1661 3694 mundo
1678 3648 1785 3696 oom-

171 3766 368 3852 paratur,
416 3750 680 3826 callidissima
702 3761 791 3822 erat
810 3749 886 3820 illa
909 3747 1071 3840 mulier,
1105 3773 1230 3824 eermo
1249 3765 1339 3826 erat
1357 3723 1543 3848 elegant,
1567 3781 1786 3854 nmgnaqve

173 3886 450 3978 munificentia
473 3886 614 3957 inerat.
667 3883 770 3958 Erat
794 3884 907 3978 apud
931 3861 1108 3975 Oreisum
1133 3884 1175 3954 in
1198 3884 1370 3980 bospitio
1392 3887 1533 3978 naulier
1566 3889 1786 3962 Tlrorballa

174 4019 351 4104 nomine,
381 4017 604 4115 cognomine
615 4015 759 4112 Malga
777 4012 971 4111 (Loqvax)
987 4015 1062 4084 illa
1077 4028 1165 4085 erat
1178 4018 1314 4109 Osvifa
1326 4019 1574 4113 aliquantum
1591 4045 1789 4117 consang-

176 4153 303 4223 vinea.
325 4151 418 4224 Duo
435 4153 499 4222 illi
511 4125 734 4241 erantfilii,
748 4149 853 4218 alter
865 4147 1010 4232 oddus,
1025 4147 1129 4217 alter
1147 4171 1237 4220 vero
1250 4149 1403 4218 bteinua
1420 4151 1585 4237 nomine,
1595 4151 1658 4222 illi
1674 4168 1790 4226 erant

176 4251 436 4356 airi'enssenat
468 4283 705 4376 maximeque
742 4259 870 4373 Oraisi
888 4279 1140 4374 familiarem
1172 4279 1253 4349 re'r'n
1282 4277 1567 4374 suffulciebant.
1642 4285 1789 4384 Tangoe

178 4416 240 4486 uir
265 4415 475 4488 habitabat
502 4417 655 4488 nomine
674 4413 937 4502 Tltorarinue,
968 4413 1108 4484 Thoria
1122 4411 1286 4508 Saelingi
1296 4413 1438 4506 filius,
1473 4417 1633 4502 colonae
1654 4425 1790 4517 magni

180 4551 454 4645 aestimandam
492 4547 736 4622 lbarorinue
757 4559 845 4618 erat
864 4569 1018 4642 magnae
1031 4547 1199 4616 staturae
1217 4545 1298 4637 uir,
1333 4549 1602 4644 atqvosartioj
1631 4553 1789 4644 sunduo

181 4681 243 4751 illi
257 4683 421 4776 fertilia,
447 4684 576 4756 minuo
601 4693 733 4752 autem
758 4693 846 4790 erat
869 4679 1048 4752 rutarum
1066 4701 1263 4752 emtarum.
1320 4683 1479 4774 Osmfur
1496 4707 1637 4780 agrum
1649 4685 1701 4756 ab
1718 4687 1789 4756 illo

183 4837 303 4886 emere
320 4817 514 4911 cupiebat,
530 4837 622 4910 nam
643 4815 707 4886 ilii
724 4816 859 4886 deerat
887 4837 982 4910 ager
1001 4813 1075 4884 etei
1086 4816 1242 4907 pecoris
1259 4841 1404 4913 magna
1420 4830 1506 4888 erat
1524 4819 1651 4911 copia.
1702 4819 1792 4889 Hae

1510 4955 1593 5040 Q„
