4638 5844
845 512 1083 640 323-

167 769 224 846 vit
240 791 349 844 rem..
389 771 489 842 Tum
509 793 622 842 senec
636 767 813 839 Korekus
827 767 893 838 eo's
916 765 978 836 ita
1003 777 1061 836 est
1079 759 1300 837 allocutus.-
1331 768 1462 840 Haud
1484 765 1531 840 de
1551 767 1626 838 ltoc
1646 765 1787 842 ttinere

169 903 261 975 bene
271 904 471 999 prasagit
488 896 697 974 animus&
720 921 815 970 sane
829 891 909 986 voi,
933 895 1010 970 mei
1013 897 1098 991 filii
1104 947 1115 988 ‚
1145 900 1339 994 egregium
1351 901 1479 973 virum
1494 899 1691 994 exponitis
1704 923 1784 995 pe·

168 1037 306 1126 ricula,
322 1037 400 1108 erit
417 1047 548 1106 autern
562 1029 671 1108 voltis
689 1033 885 1125 agendum
899 1054 985 1103 cum
995 1031 1153 1122 Ketillo,
1168 1033 1251 1106 viro
1267 1033 1309 1104 in
1328 1035 1431 1106 iram
1445 1035 1657 1104 admodum
1669 1056 1785 1128 proeq

169 1165 678 1266 cipiti&alteromvligno.
731 1162 989 1250 Korelifilii,
1025 1164 1171 1259 Bja'rn‚
1202 1162 1714 1260 Thorfinnus&Haldorus
1733 1164 1786 1236 ibi

168 1304 351 1373 aderant.
409 1295 935 1392 ThorerusEnglandssarus
950 1320 1039 1366 cum
1054 1295 1205 1384 duabus
1223 1299 1332 1384 aliis,
1352 1323 1510 1395 qvorum
1526 1299 1686 1370 nomina
1702 1274 1784 1370 nan

170 1445 459 1516 memorantur,
490 1430 834 1501 leiclranclumest
852 1428 1071 1498 comitatus.
1125 1431 1279 1525 Septem
1297 1456 1458 1503 numero
1474 1432 1595 1502 simul
1613 1432 1787 1527 prafhcti

167 1579 269 1637 eunt.
329 1567 380 1637 In
406 1566 509 1637 silva
529 1563 640 1634 houd
663 1559 859 1656 procula
878 1561 1103 1654 Njarclvika
1125 1563 1299 1657 primm
1325 1561 1590 1635 constiterunt¹
1607 1577 1719 1660 atqve
1736 1559 1787 1635 ab

164 1669 585 1797 eqvicdescenderunt5
612 1707 694 1766 tum
712 1718 754 1764 se
774 1693 880 1762 lusui
901 1695 1093 1766 dederunt
1110 1719 1162 1765 ac
1173 1697 1314 1787 fasces
1333 1698 1606 1767 sarmenticios
1621 1698 1725 1768 inter
1745 1719 1787 1768 ee

156 1831 383 1931 jactabant.
443 1827 667 1904 Tuncdicit
685 1826 959 1899 iliidrandus:
987 1829 1135 1900 Vereor
1149 1851 1197 1900 ne
1210 1829 1337 1900 altori
1352 1830 1474 1902 nimia
1487 1831 1604 1902 multi
1625 1848 1786 1902 nunscra

166 1967 494 2058 videamuratqve
512 1962 637 2030 illeea
654 1982 700 2030 re
715 1955 950 2054 offendatur.
979 1957 1153 2056 Asbjiirn
1164 1959 1451 2054 Veglzamarus,
1467 1962 1530 2056 qvi
1548 1963 1590 2032 in
1603 1961 1785 2058 palustri

167 2103 251 2172 loco
267 2111 416 2170 terrum
427 2089 563 2190 effodit
572 2091 862 2183 bituminosam,
874 2115 940 2160 eos
954 2091 1157 2186 conspexit
1173 2093 1417 2190 cognovitque
1436 2093 1596 2190 qvidqve
1609 2094 1686 2164 cibi
1701 2094 1785 2165 vel-

166 2235 248 2304 lent
261 2239 508 2314 commentus,
525 2223 659 2320 aperis
676 2223 946 2296 instrumentis
967 2223 1130 2319 abjectis
1144 2225 1299 2294 domum
1321 2225 1412 2295 inde
1427 2226 1609 2298 avolavit.
1679 2229 1788 2298 Unus

152 2367 341 2461 fratrum
347 2359 507 2452 fascem
522 2359 563 2428 in
576 2382 664 2427 eum
677 2355 853 2460 immisit,
870 2353 1257 2450 feriitqveAsbjiirno
1271 2370 1453 2442 ventrem,
1472 2369 1517 2428 at
1537 2359 1605 2431 ille
1618 2381 1695 2429 nan
1714 2383 1785 2429 cu·-

166 2499 271 2569 curit
293 2493 461 2590 segnius.
530 2489 785 2562 [lleidranduc
815 2489 889 2561 lroc
921 2488 1064 2558 melius
1096 2489 1282 2579 infectum
1316 2487 1541 2584 affirmavit.
1612 2487 1787 2586 Asbj'drn

164 2633 322 2704 domum
325 2626 535 2719 festinans
545 2623 675 2694 multa
688 2647 777 2696 cum
791 2621 1060 2715 trepidatione
1073 2619 1294 2692 cubiculum
1314 2623 1496 2692 intravit.
1550 2625 1724 2696 Ketillus
1746 2647 1787 2694 se

166 2747 1509 2858 ad'ignemcaissaciensrogavit,curtamseotinantenprogrederetur.
1532 2757 1610 2828 Ille
1620 2779 1786 2853 respon-

168 2897 249 2970 dit:
267 2887 730 2981 Hominesnaxiosfoma
744 2907 901 2958 noscere
905 2897 1090 2980 praestat.
1121 2887 1179 2958 Tu
1190 2887 1336 2982 qvidem
1346 2887 1470 2980 fortis
1478 2888 1540 2962 vir
1547 2887 1786 2978 licherinmc

167 3043 393 3100 tamennon
404 3023 594 3094 ulciscere
606 3016 646 3091 8<
658 3019 813 3111 eiserro
829 3016 1045 3108 transfixus
1059 3041 1157 3090 cum.
1217 3019 1471 3098 Tiridrandue
1483 3035 1614 3094 autem
1632 3017 1670 3092 ἃ
1688 3020 1785 3092 socii

165 3157 369 3233 retardati
381 3168 498 3242 sunt,
529 3177 625 3225 nam
646 3149 755 3222 reclei
776 3170 852 3245 per
868 3150 1042 3243 paludes
1063 3153 1221 3223 tendere
1244 3176 1324 3223 non
1340 3154 1464 3224 licuit.
1531 3153 1784 3225 Tltidranclus

165 3254 282 3383 ilicis,
301 3291 442 3387 sejam
455 3281 708 3370 comminisci,
726 3306 794 3378 qvo
804 3293 929 3375 pacta
938 3281 985 3354 V
977 3283 1217 3377 eghamarus
1230 3309 1364 3356 eorum
1373 3309 1437 3356 res
1452 3287 1703 3380 expositurus
1720 3285 1783 3354 sit.

167 3428 343 3502 Ketillus
356 3449 401 3496 se
421 3421 573 3518 qvidem
584 3417 645 3488 ad
664 3417 790 3510 ignem
795 3413 916 3506 fovit,
937 3417 1151 3487 necullum
1164 3417 1631 3490 tamensentiitcalorern
1653 3413 1691 3487 8<
1711 3417 1784 3488 hac

168 3584 264 3634 sane
277 3547 422 3632 mirum
438 3577 526 3626 essa
540 3548 770 3646 affirmavit.
823 3545 1025 3642 Acbjiirn,
1055 3549 1097 3618 ci
1116 3550 1248 3622 virilis
1270 3552 1339 3622 illi
1361 3551 1490 3624 virtus
1508 3551 1674 3641 inesset,
1698 3571 1785 3621 eum

168 3721 209 3771 se
241 3689 377 3776 ulcisci
394 3685 572 3783 jubebat.
653 3685 752 3758 Tum
784 3682 958 3760 Ketillus
984 3682 1139 3776 rapida
1174 3653 1390 3756 commotus
1424 3685 1494 3756 ira
1524 3685 1684 3756 hastam
1706 3681 1784 3754 sibi

168 3824 316 3910 sumsit.
374 3816 630 3890 illidrandus
650 3838 740 3908 cum
762 3816 880 3885 sociis
900 3825 985 3883 tum
1008 3813 1235 3888 intraverat
1255 3841 1402 3911 agrurn
1417 3819 1527 3898 villa
1548 3817 1783 3911 proximum.

173 3922 429 4033 ¹Yliidrancluc
447 3972 543 4021 suas
561 3947 724 4043 rogavit
747 3959 797 4016 ut
814 3946 944 4017 altori
954 3958 1180 4040 parcerent.
1244 3949 1417 4020 Ketilluc
1430 3951 1625 4046 ,Bjiirnem‘
1639 3947 1784 4020 Koreki
1802 3939 1808 3952 ’

164 4090 293 4188 filium
308 4083 496 4191 invadens
508 4077 713 4175 transfixit
723 4079 857 4174 serra,
868 4077 1078 4174 eratenim
1090 4080 1130 4148 ei
1143 4079 1361 4174 proximus.
1396 4083 1501 4170 ,Qva
1517 4104 1560 4151 re
1575 4051 1783 4174 conspecta

174 4229 203 4300 Ἰ
205 4226 367 4296 horerus
396 4183 726 4310 Englanclcfarus
744 4211 940 4282 Ke'tillum
968 4213 1139 4282 adortus
1157 4213 1369 4284 adversum
1399 4211 1466 4284 illi
1489 4225 1628 4309 pectus
1644 4211 1783 4306 feriit,

169 4359 383 4450 lethaleqve
409 4351 553 4422 vulnus
585 4344 744 4436 intulit3
781 4355 860 4415 tum
889 4339 931 4416 8<
961 4344 1175 4416 Tharerum
1202 4337 1405 4416 occidebat
1420 4347 1611 4440 famulus
1638 4345 1781 4420 Ketilli

168 4488 411 4568 domesticus.
467 4483 506 4556 V
508 4480 560 4550 iri
565 4481 685 4574 suere
697 4480 789 4564 duo,
810 4480 921 4551 alter
947 4479 1195 4574 Thargeirus,
1213 4479 1429 4553 altervero
1449 4481 1782 4554 inoreruanin·

165 4651 240 4724 guo
256 4621 422 4704 nomine,
446 4613 672 4706 Ketilliilli
688 4625 808 4689 erant
821 4612 1027 4686 domestici
1034 4612 1214 4704 famuli,
1244 4607 1287 4685 ἃ
1307 4614 1351 4685 1ιί
1370 4614 1522 4710 qvidern
1537 4625 1634 4690 sant
1650 4613 1782 4686 acciti.

174 4761 272 4832 Tum
293 4739 546 4829 Titidrandue
557 4771 646 4819 curn
666 4747 782 4820 sociis
796 4747 993 4820 discedere
1008 4745 1156 4838 voluit3
1181 4748 1267 4840 jam
1289 4747 1445 4844 qvinqve
1459 4760 1582 4824 erunt
1598 4768 1776 4825 numero.

166 4890 334 4967 Ancilla
352 4885 529 4983 qvoedam
546 4857 765 4954 culticulum
784 4880 973 4972 intravit,
991 4891 1245 4975 qvoeqveacta
1258 4883 1576 4953 erontGunnaro
1590 4877 1638 4950 ac
1652 4879 1780 4952 Timr·-

1434 5013 1581 5085 Anas
