4636 5832
734 437 738 446 .
851 411 860 445 I

883 465 1098 582 L

837 715 969 808 CAP.
1015 715 1143 804 VIII.

374 895 510 1004 Hand
543 931 703 1030 longam
740 931 783 1005 in
817 931 1071 1006 matrimonio
1115 932 1240 1004 eitam
1270 931 1479 1032 Herjclsas
1520 946 1637 1032 atqve
1675 929 1804 1007 Ther*

169 1065 302 1168 gerda'
321 1077 503 1166 egerant,
554 1091 640 1138 cnm
651 1065 786 1172 filium
809 1067 1141 1139 nanciscerentur.
1207 1067 1316 1139 Huic
1332 1064 1425 1161 filio
1454 1094 1558 1167 aqva
1588 1071 1801 1166 snpersnsa

172 1217 231 1277 est
261 1185 472 1300 nomenque
505 1200 696 1296 inditnm5
742 1201 902 1273 Hrutns
932 1223 1069 1297 nempe
1102 1211 1355 1296 nuncupatus
1388 1214 1456 1274 est.
1529 1201 1802 1278 Adolescentis

166 1339 256 1433 jam
285 1349 404 1408 celate
421 1334 539 1407 robur
561 1345 677 1431 atqve
699 1358 887 1431 magnam
918 1345 1116 1404 staturam
1144 1333 1310 1404 sortitus
1336 1347 1417 1423 est,
1473 1337 1661 1435 simulqve
1681 1337 1802 1409 babi-

172 1483 238 1542 sus
266 1484 357 1542 erat
378 1469 556 1570 corporis
577 1469 893 1564 pulcherrimus,
934 1478 1023 1538 erat
1046 1467 1148 1538 enim
1175 1489 1343 1564 procero
1371 1491 1534 1564 corpore
1559 1468 1802 1566 humerisqve

171 1602 289 1694 lctis,
330 1603 455 1675 medio
481 1603 660 1700 corporis
681 1603 897 1700 graciliore
920 1595 958 1672 ὃ(
982 1603 1111 1697 qvaad
1119 1604 1242 1697 pedes
1261 1596 1299 1673 ὃ(
1317 1626 1459 1672 manns
1477 1600 1570 1674 bene
1580 1599 1798 1695 formatus.

170 1735 331 1814 Hrutns
349 1737 517 1808 multum
546 1750 752 1810 venustate
779 1733 1011 1823 excellebat,
1045 1737 1365 1832 qvemadmodnm
1382 1761 1482 1808 avus
1494 1759 1587 1811 snus
1597 1749 1800 1810 maternus

174 1871 448 1962 Thorsteinns,
476 1872 541 1944 eel
552 1865 727 1944 Ketillus
742 1869 978 1964 Flatnefns5
1002 1872 1132 1964 qeoad
1151 1871 1282 1942 omnia
1300 1869 1460 1942 habitus
1483 1871 1547 1943 illi
1566 1882 1654 1942 erat
1670 1869 1798 1966 insig-

169 2005 244 2077 nis.
286 2003 644 2114 Herjolfiesmorbo
659 2017 863 2099 correptus
877 2001 1118 2075 moriebatur
1131 2028 1209 2075 non
1230 2005 1313 2074 sine
1328 2005 1452 2076 multo
1464 2006 1664 2077 bominum
1678 2007 1816 2076 luctu.-

172 2137 272 2210 'l'um
292 2139 327 2209 Τ
322 2138 559 2235 borgerdam
584 2139 822 2210 desiderium
847 2137 951 2234 cepit
975 2135 1171 2208 Islcndioe
1203 2139 1436 2231 repetendae,
1458 2137 1682 2233 visendiqee
1705 2137 1798 2209 Hc-

166 2271 300 2375 skaidi
305 2270 402 2365 filii,
428 2271 574 2368 qnippe
600 2294 817 2370 qvemproe
842 2270 1019 2343 omnibus
1036 2271 1219 2366 diligeret
1238 2253 1491 2364 mcrtalibus3
1522 2273 1681 2345 Hrutns
1707 2295 1799 2345 vern

165 2405 282 2502 apud
293 2401 542 2503 propinqvos
566 2405 607 2478 in
626 2404 727 2478 bana
748 2405 970 2480 conditione
989 2405 1189 2478 remansit.
1250 2405 1286 2477 T
1280 2405 1477 2499 hergarda
1492 2405 1569 2478 iter
1582 2406 1639 2474 cd
1655 2405 1796 2476 lelan-

165 2542 279 2614 dicm
291 2551 438 2634 parat,
460 2537 666 2636 filiumqve
680 2541 930 2614 Hdslcnldnm
954 2540 996 2612 in
1010 2527 1249 2612 Laxardclo
1272 2537 1518 2612 habitantem
1534 2537 1691 2632 revisit,·
1729 2539 1797 2610 ille

163 2686 336 2746 matrem
352 2698 468 2770 qvam
480 2675 620 2770 potnit
637 2676 916 2746 delicatissime
934 2675 1104 2766 excepit,
1130 2697 1216 2769 qnoe
1232 2671 1431 2768 deinceps,
1457 2697 1604 2768 magna
1625 2697 1742 2766 opum
1758 2673 1796 2743 ei

159 2806 346 2905 pollens,
382 2829 468 2875 cnm
482 2805 576 2898 filio
605 2809 661 2876 ad
680 2809 819 2878 mortis
842 2809 943 2880 diem
964 2809 1081 2902 degit.
1134 2809 1233 2878 Post
1246 2805 1397 2901 aliqvot
1411 2806 1554 2876 hiemes
1568 2805 1795 2900 Tborgerda
1857 2899 1858 2906 ἵ

160 2936 314 3011 lethali
329 2935 461 3008 morbo
476 2935 620 3032 affecta
638 2941 818 3029 moritur,
846 2943 1070 3034 tumuloque
1086 2942 1290 3026 conditur,
1307 2939 1538 3009 Hbskuldns
1556 2964 1646 3012 vero
1664 2965 1794 3012 orrtnes

165 3068 284 3166 capit
300 3091 411 3164 opes,
437 3091 603 3165 qvarum
625 3067 792 3140 dimidia
805 3095 911 3166 pars
927 3070 985 3140 ad
998 3073 1177 3142 Hrutnm
1185 3072 1363 3164 fratrem
1373 3069 1613 3166 pertinebat.
1635 3119 1640 3167 :

855 3391 987 3500 CAP.
1028 3409 1120 3500 IX.-

370 3590 468 3701 Hoc
486 3639 659 3723 tempore
675 3627 891 3724 Nervagioe
908 3609 1221 3724 praerat'Hacc
1237 3595 1471 3702 Adalsteini
1491 3629 1695 3719 alumnus,
1724 3655 1796 3702 cn-

157 3766 233 3864 jus
263 3759 305 3832 in
323 3760 422 3832 ania
437 3760 670 3834 Hbskuldns
691 3773 845 3857 egerat,
878 3786 1136 3858 magnamqve
1158 3761 1233 3832 sibi
1244 3763 1407 3856 samam
1432 3775 1514 3834 tam
1533 3763 1574 3833 in
1596 3765 1795 3861 Norvegia

168 3919 290 3996 qvam
318 3893 361 3966 in
375 3893 556 3966 Islandia
580 3896 878 3970 conciliaverat.
936 3897 979 3969 V
976 3896 1013 3965 i'r
1029 3894 1188 3992 qvidam
1216 3897 1509 3968 nomineBiiirn
1532 3899 1726 3992 regionem
1754 3899 1796 3969 in

166 4027 475 4122 Biarnarfiiirdc
502 4041 784 4125 occupaverat,
827 4030 952 4125 ibiqee
980 4027 1199 4118 habitavit,
1229 4055 1275 4101 ex
1292 4030 1373 4126 ejus
1392 4027 1547 4100 nomine
1565 4031 1797 4102 denomina-

169 4178 235 4235 tus
260 4135 323 4234 est
346 4163 457 4254 sinus
489 4141 557 4232 ille
581 4162 726 4250 maris,
772 4163 838 4260 qvi
867 4179 1000 4236 versas
1026 4160 1274 4232 evroboream
1293 4163 1465 4258 plagam
1489 4188 1514 4232 a
1540 4162 1795 4257 Steingrirns-

165 4297 293 4392 fibrdc
324 4295 368 4368 iri
400 4307 548 4367 terram
579 4318 660 4366 sese
690 4295 885 4386 insinuat,
931 4293 1145 4366 monticulo
1174 4293 1338 4389 oblongo
1366 4297 1469 4365 inter
1493 4297 1602 4364 sinns
1621 4320 1796 4390 procur-

170 4443 291 4504 rente.
342 4427 470 4502 Bibm
492 4427 615 4500 nobili
628 4451 769 4525 genere
788 4443 888 4517 erat,
917 4427 1056 4526 opibus
1071 4427 1190 4516 dives,
1217 4427 1254 4498 ei
1269 4439 1470 4500 exereret
1487 4427 1641 4502 nomine
1656 4431 1809 4522 Linsc,

160 4556 257 4660 filia
273 4563 477 4655 Jcrnnna,
515 4586 601 4660 qeoe
623 4565 979 4659 venustatisormae
1013 4562 1119 4635 altos
1142 4561 1329 4658 spiritns,
1356 4562 1585 4658 prudentiae
1596 4562 1796 4659 generasi-

173 4711 295 4774 tatem
310 4698 457 4775 indolis
474 4669 670 4797 adiunxit.
732 4697 816 4772 Illa
837 4699 948 4798 virgo
962 4717 1039 4798 per
1055 4710 1156 4773 totos
1169 4699 1212 4773 V
1207 4697 1396 4797 estsjbdcs
1414 4695 1795 4797 longeproestcntis7
