4636 5832
1231 461 1322 542 xtv

1135 595 1141 606 ¹
1159 591 1392 624 m

478 732 668 858 regiam
711 717 936 840 rediisse,
1002 745 1167 849 regem
1212 735 1375 810 autem
1422 709 1637 809 olavum
1679 737 1812 808 anno
1857 721 2079 844 sequenti

370 865 374 872 ’
478 871 675 968 demum
708 869 992 966 convenisse
1020 864 1311 994 Sarpsburgi
1343 855 1598 990 degentem
1624 890 1677 986 p·
1703 879 1800 963 282·
1882 865 1951 958 Ex
1982 853 2079 961 hac

479 1021 706 1114 itinerum
756 1017 946 1108 ratione
987 1011 1226 1137 sequitur,
1280 1028 1468 1135 patrem
1509 999 1714 1100 Gelleris
1750 1029 1906 1133 neqve
1947 1033 2078 1106 anno

477 1162 734 1256 millesimo
773 1133 1006 1253 vicesimo
1036 1175 1232 1283 quarto,
1297 1180 1454 1279 neqve
1486 1149 1679 1246 duobus
1709 1156 1847 1246 annis
1877 1183 2079 1280 sequen·

480 1307 629 1426 tibus,
671 1307 820 1400 fuisse
848 1307 901 1395 in
920 1303 1188 1428 Nowegia3
1220 1327 1424 1425 eumqve
1454 1294 1649 1390 demum
1672 1323 1800 1392 armo
1827 1296 2079 1396 MXXVlil

478 1484 642 1582 regem
674 1443 887 1547 Olenum
915 1450 1224 1565 convenisse,
1281 1475 1385 1538 non
1415 1441 1653 1538 Nidrosiae
1684 1437 1772 1537 sed
1798 1443 1878 1540 vel
1910 1449 2079 1575 Sarps·

480 1601 625 1727 burgi
650 1597 728 1692 vel
756 1594 1074 1724 Tunsbergae,
1139 1623 1295 1720 neqve
1323 1589 1477 1685 filium
1504 1619 1670 1684 secum
1696 1587 1927 1710 habuisse
1956 1589 2079 1691 duo*

482 1741 750 1840 decennem
780 1739 868 1836 sed
898 1761 1002 1836 tum
1026 1741 1241 1836 sedecim
1274 1767 1429 1834 annos
1461 1758 1642 1830 natum.
1707 1741 1894 1860 Auctor
1916 1743 2080 1859 itaque

480 1913 649 1985 noster
685 1887 875 1986 videtur
914 1890 1124 2012 primam
1153 1881 1358 1979 Gelleris
1395 1885 1460 1978 ad
1489 1884 1784 2013 Norvegiam
1812 1881 2079 2013 proiectio-

480 2066 595 2132 nem
622 2064 735 2130 cum
766 2032 936 2126 ultima
969 2027 1226 2124 Thorkelis
1256 2029 1619 2158 permiscuisse,
1650 2051 1792 2158 atqve
1826 2060 1886 2125 co
1918 2053 2080 2129 errore
2138 2061 2171 2096 ³

482 2159 740 2308 deceptum
758 2209 949 2272 annum
977 2173 1233 2270 Thorkelis
1264 2174 1586 2270 emortualem·
1608 2173 1926 2303 quadriennio
1969 2195 2083 2283 ante
2207 2299 2217 2314 ι

204 2345 210 2356 “
326 2447 330 2456 Ι
418 2335 421 2344 ’
482 2327 663 2421 cadem
697 2328 826 2453 regis
854 2322 1184 2439 constimisse,
1250 2319 1536 2418 licetinitio
1571 2322 1786 2446 ejusdem
1819 2329 1935 2418 anni
1964 2354 2082 2421 con

482 2473 655 2599 tigerit
708 2471 969 2598 Annalistae
988 2465 1305 2587 lelandorum,
1336 2461 1623 2565 auctoritate
1650 2471 1903 2596 scriptoris
1927 2475 2082 2569 nostri

481 2615 792 2712 hauddubie
823 2617 1035 2743 abrepti,
1100 2614 1308 2726 eundem
1343 2612 1640 2712 admiserunt
1668 2645 1892 2710 errorem.
1967 2666 1970 2676 ·

680 2765 796 2857 Duo
836 2759 933 2863 alia
967 2757 1238 2887 sphalmata
1273 2757 1624 2890 chronologica
1654 2751 1708 2854 in
1740 2747 1944 2856 historia
1970 2761 2082 2859 1301-

483 2905 539 3002 lii
566 2909 770 3030 jrmioris
804 2915 1122 3035 reperiuntur.
1198 2909 1373 3004 Narrat
1401 2930 1573 3002 auctor
1603 2905 1808 3001 Bellium
1838 2908 2082 3032 juniorem

482 3051 631 3146 luisse
659 3057 994 3179 posthumum,
1062 3048 1275 3146 eundem
1300 3082 1417 3145 vero
1447 3039 1816 3147 duodecennem
1843 3049 2080 3148 ultionem

484 3201 627 3292 cadis
658 3221 870 3323 paterne
897 3193 1004 3289 aliis
1039 3191 1390 3320 opitulantibus
1418 3200 1644 3290 sumsisse
1679 3197 1745 3289 eb
1770 3195 1945 3327 Helgio
1975 3195 2077 3294 lilio

481 3340 765 3437 Hardbeini.
829 3343 857 3435 J
859 3371 940 3430 am
961 3367 1077 3434 vero
1109 3359 1299 3434 constat
1313 3336 1539 3468 Helgium
1567 3371 1743 3435 casum
1769 3339 1918 3438 luisse
1948 3371 2079 3440 anno

481 3487 746 3584 millesimo
770 3482 985 3610 decimo,
1043 3473 1246 3578 biennio
1276 3507 1391 3580 ante
1415 3483 1599 3582 natales
1625 3484 1848 3607 faederis,
1897 3487 2082 3587 Bollius

484 3664 604 3730 uero
636 3653 778 3757 pater
805 3651 1013 3726 necatus
1035 3649 1107 3724 est
1140 3659 1274 3726 anno
1300 3629 1556 3729 millesimo
1584 3654 1721 3730 sexto
1750 3631 1828 3732 rel
1853 3642 2083 3762 septimo,

485 3781 618 3874 ande
649 3781 864 3906 seqnitur
890 3773 1043 3870 filium
1071 3778 1173 3900 ejus
1204 3781 1541 3904 posthumum,
1601 3803 1807 3906 quatuor
1834 3786 1972 3877 annis
2004 3783 2083 3876 in·

486 3929 722 4052 anoctis,
746 3921 882 4016 haud
914 3923 1150 4019 exstitisse
1183 3922 1566 4050 duodecennem

597 4153 601 4164 .
683 4069 818 4164 Alter
854 4099 972 4166 vero
1014 4099 1150 4165 error
1183 4070 1572 4203 chronologicus·
1600 4075 1811 4170 occurrit
1851 4078 1905 4167 in
1937 4095 2082 4204 parte·

486 4211 896 4311 ultima‘htsmsiae
925 4212 1066 4310 tollii
1092 4219 1310 4340 junioris.
1375 4219 1607 4313 Narratur
1632 4217 1818 4344 scilicet
1849 4232 1962 4315 eum·
1992 4223 2079 4314 ali·-

345 4377 352 4392 '
490 4385 617 4488 qvot.
635 4367 774 4460 annis
800 4385 916 4492 post
932 4385 1139 4458 mortem
1160 4367 1368 4473 Snorrii,
1394 4367 1555 4488 ‚viarm
1573 4369 1697 4490 ejus,
1727 4364 2108 4494 el·apsis·tanto-‚

485 4539 604 4636 pere
652 4505 954 4627 inclaruisse,-
1019 4528 1075 4603 ut
1110 4508 1430 4606 Gudmundus
1463 4513 1635 4630 Dives,
1701 4514 1926 4608 amicitiae
1967 4545 2086 4609 eum

488 4684 551 4750 eo
590 4654 820 4796 ineundae.
844 4652 1073 4783 cupidus,
1140 4659 1302 4783 ipsum
1330 4656 1400 4751 ad.
1419 4654 1585 4752 villam
1611 4688 1757 4752 suam
1781 4662 2077 4775 invitaverim

489 4801 546 4895 in
581 4833 643 4900 eo
685 4820 849 4898 autem
882 4803 1054 4898 itinere
1081 4800 1289 4898 Bellium
1322 4799 1526 4899 insidias
1551 4807 1860 4900 inimicorum
1887 4806 2078 4902 fortitu-
