<?xml version="1.0" encoding="UTF-8"?>
<!DOCTYPE html PUBLIC "-//W3C//DTD XHTML 1.0 Transitional//EN"
    "http://www.w3.org/TR/xhtml1/DTD/xhtml1-transitional.dtd">
<html xmlns="http://www.w3.org/1999/xhtml" xml:lang="en" lang="en">
 <head>
  <title>
</title>
<meta http-equiv="Content-Type" content="text/html;charset=utf-8" />
  <meta name='ocr-system' content='tesseract 3.04.00' />
  <meta name='ocr-capabilities' content='ocr_page ocr_carea ocr_par ocr_line ocrx_word'/>
</head>
<body>
  <div class='ocr_page' id='page_1' title='image "./laxdlasagasiveh00stifgoog_0062.png"; bbox 0 0 4636 5832; ppageno 0'>
   <div class='ocr_carea' id='block_1_1' title="bbox 838 439 1099 590">
    <p class='ocr_par' dir='ltr' id='par_1_1' title="bbox 838 439 1099 590">
     <span class='ocr_line' id='line_1_1' title="bbox 838 439 1099 590; baseline 0 0"><span class='ocrx_word' id='word_1_1' title='bbox 838 439 840 444; x_wconf 81' lang='grc'><strong>’</strong></span> <span class='ocrx_word' id='word_1_2' title='bbox 887 469 1099 590; x_wconf 53' lang='lat' dir='ltr'><strong><em>...eL</em></strong></span> 
     </span>
    </p>
   </div>
   <div class='ocr_carea' id='block_1_2' title="bbox 170 717 1803 1760">
    <p class='ocr_par' dir='ltr' id='par_1_2' title="bbox 170 717 1803 1760">
     <span class='ocr_line' id='line_1_2' title="bbox 179 717 1802 822; baseline 0 -24"><span class='ocrx_word' id='word_1_3' title='bbox 179 735 325 822; x_wconf 84' lang='lat' dir='ltr'><strong><em>operta</em></strong></span> <span class='ocrx_word' id='word_1_4' title='bbox 345 719 558 820; x_wconf 89' lang='lat' dir='ltr'><strong><em>splendida</em></strong></span> <span class='ocrx_word' id='word_1_5' title='bbox 583 719 812 794; x_wconf 76' lang='lat' dir='ltr'><strong><em>vestimenta</em></strong></span> <span class='ocrx_word' id='word_1_6' title='bbox 836 717 1046 790; x_wconf 80' lang='lat' dir='ltr'><strong><em>muliebria</em></strong></span> <span class='ocrx_word' id='word_1_7' title='bbox 1067 717 1322 816; x_wconf 80' lang='lat' dir='ltr'><strong><em>depromebat</em></strong></span> <span class='ocrx_word' id='word_1_8' title='bbox 1342 717 1477 820; x_wconf 70' lang='lat' dir='ltr'><strong><em>illique</em></strong></span> <span class='ocrx_word' id='word_1_9' title='bbox 1495 721 1664 796; x_wconf 90' lang='lat' dir='ltr'><strong><em>tradidit</em></strong></span> <span class='ocrx_word' id='word_1_10' title='bbox 1669 748 1684 816; x_wconf 80' lang='lat'><em>3</em></span> <span class='ocrx_word' id='word_1_11' title='bbox 1716 740 1802 798; x_wconf 71' lang='lat' dir='ltr'><strong><em>om··&#39;</em></strong></span> 
     </span>
     <span class='ocr_line' id='line_1_3' title="bbox 180 853 1803 950; baseline 0.001 -20"><span class='ocrx_word' id='word_1_12' title='bbox 180 858 290 932; x_wconf 91' lang='lat' dir='ltr'><strong><em>nium</em></strong></span> <span class='ocrx_word' id='word_1_13' title='bbox 306 881 397 931; x_wconf 73' lang='lat' dir='ltr'><strong><em>aero</em></strong></span> <span class='ocrx_word' id='word_1_14' title='bbox 416 881 605 930; x_wconf 85' lang='lat' dir='ltr'><strong><em>consensu</em></strong></span> <span class='ocrx_word' id='word_1_15' title='bbox 638 854 702 926; x_wconf 90' lang='lat' dir='ltr'><strong><em>illi</em></strong></span> <span class='ocrx_word' id='word_1_16' title='bbox 724 854 957 942; x_wconf 78' lang='lat' dir='ltr'><strong><em>vestimenta</em></strong></span> <span class='ocrx_word' id='word_1_17' title='bbox 984 854 1155 926; x_wconf 87' lang='lat' dir='ltr'><strong><em>nitentia</em></strong></span> <span class='ocrx_word' id='word_1_18' title='bbox 1180 853 1366 950; x_wconf 87' lang='lat' dir='ltr'><strong><em>opprime</em></strong></span> <span class='ocrx_word' id='word_1_19' title='bbox 1393 879 1611 930; x_wconf 79' lang='lat' dir='ltr'><strong><em>convenere.</em></strong></span> <span class='ocrx_word' id='word_1_20' title='bbox 1676 856 1803 932; x_wconf 81' lang='lat' dir='ltr'><strong><em>Coete-</em></strong></span> 
     </span>
     <span class='ocr_line' id='line_1_4' title="bbox 180 986 1802 1090; baseline 0.001 -24"><span class='ocrx_word' id='word_1_21' title='bbox 180 1015 266 1066; x_wconf 87' lang='lat' dir='ltr'><strong><em>rum</em></strong></span> <span class='ocrx_word' id='word_1_22' title='bbox 280 992 436 1090; x_wconf 74' lang='lat' dir='ltr'><strong><em>quando</em></strong></span> <span class='ocrx_word' id='word_1_23' title='bbox 449 990 655 1086; x_wconf 82' lang='lat' dir='ltr'><em>principes</em></span> <span class='ocrx_word' id='word_1_24' title='bbox 678 1013 746 1060; x_wconf 86' lang='lat' dir='ltr'><strong><em>eas</em></strong></span> <span class='ocrx_word' id='word_1_25' title='bbox 770 1011 831 1060; x_wconf 80' lang='lat' dir='ltr'><strong><em>res</em></strong></span> <span class='ocrx_word' id='word_1_26' title='bbox 842 986 1101 1083; x_wconf 73' lang='lat' dir='ltr'><strong><em>peregissent,</em></strong></span> <span class='ocrx_word' id='word_1_27' title='bbox 1128 1013 1213 1085; x_wconf 79' lang='lat' dir='ltr'><strong><em>qeoe</em></strong></span> <span class='ocrx_word' id='word_1_28' title='bbox 1233 1001 1314 1059; x_wconf 91' lang='lat' dir='ltr'><strong><em>tum</em></strong></span> <span class='ocrx_word' id='word_1_29' title='bbox 1340 1013 1387 1060; x_wconf 81' lang='lat' dir='ltr'><strong><em>ex</em></strong></span> <span class='ocrx_word' id='word_1_30' title='bbox 1404 991 1487 1086; x_wconf 85' lang='lat' dir='ltr'><strong><em>lege</em></strong></span> <span class='ocrx_word' id='word_1_31' title='bbox 1499 995 1802 1087; x_wconf 70' lang='lat' dir='ltr'><strong><em>pertractanda</em></strong></span> 
     </span>
     <span class='ocr_line' id='line_1_5' title="bbox 170 1119 1800 1224; baseline -0.002 -22"><span class='ocrx_word' id='word_1_32' title='bbox 170 1128 307 1224; x_wconf 89' lang='lat' dir='ltr'><strong><em>suere,</em></strong></span> <span class='ocrx_word' id='word_1_33' title='bbox 324 1125 490 1222; x_wconf 85' lang='lat' dir='ltr'><strong><em>finitum</em></strong></span> <span class='ocrx_word' id='word_1_34' title='bbox 508 1136 568 1196; x_wconf 88' lang='lat' dir='ltr'><strong><em>est</em></strong></span> <span class='ocrx_word' id='word_1_35' title='bbox 586 1123 819 1211; x_wconf 77' lang='lat' dir='ltr'><strong><em>convivium,</em></strong></span> <span class='ocrx_word' id='word_1_36' title='bbox 843 1119 1101 1216; x_wconf 83' lang='lat' dir='ltr'><strong><em>dimissusqee</em></strong></span> <span class='ocrx_word' id='word_1_37' title='bbox 1119 1133 1341 1194; x_wconf 76' lang='lat' dir='ltr'><strong><em>conventus.</em></strong></span> <span class='ocrx_word' id='word_1_38' title='bbox 1401 1124 1497 1196; x_wconf 85' lang='lat' dir='ltr'><strong><em>Tum</em></strong></span> <span class='ocrx_word' id='word_1_39' title='bbox 1515 1150 1606 1198; x_wconf 81' lang='lat' dir='ltr'><strong><em>vero</em></strong></span> <span class='ocrx_word' id='word_1_40' title='bbox 1619 1123 1800 1198; x_wconf 80' lang='lat' dir='ltr'><strong><em>Hdslul-</em></strong></span> 
     </span>
     <span class='ocr_line' id='line_1_6' title="bbox 179 1250 1800 1356; baseline -0.001 -23"><span class='ocrx_word' id='word_1_41' title='bbox 179 1263 254 1334; x_wconf 89' lang='lat' dir='ltr'><strong><em>dus</em></strong></span> <span class='ocrx_word' id='word_1_42' title='bbox 284 1283 413 1356; x_wconf 80' lang='lat' dir='ltr'><strong><em>regem</em></strong></span> <span class='ocrx_word' id='word_1_43' title='bbox 432 1259 647 1332; x_wconf 81' lang='lat' dir='ltr'><strong><em>Helenum</em></strong></span> <span class='ocrx_word' id='word_1_44' title='bbox 675 1257 799 1346; x_wconf 90' lang='lat' dir='ltr'><strong><em>adiit,</em></strong></span> <span class='ocrx_word' id='word_1_45' title='bbox 841 1250 881 1326; x_wconf 74' lang='lat'><strong><em>8&lt;</em></strong></span> <span class='ocrx_word' id='word_1_46' title='bbox 906 1276 981 1350; x_wconf 83' lang='lat' dir='ltr'><strong><em>qen</em></strong></span> <span class='ocrx_word' id='word_1_47' title='bbox 999 1274 1085 1348; x_wconf 85' lang='grc' dir='ltr'><strong><em>ραν</em></strong></span> <span class='ocrx_word' id='word_1_48' title='bbox 1098 1253 1190 1346; x_wconf 91' lang='lat' dir='ltr'><strong><em>suit</em></strong></span> <span class='ocrx_word' id='word_1_49' title='bbox 1216 1255 1467 1328; x_wconf 74' lang='lat' dir='ltr'><strong><em>veneratione</em></strong></span> <span class='ocrx_word' id='word_1_50' title='bbox 1489 1283 1575 1328; x_wconf 87' lang='lat' dir='ltr'><strong><em>eum</em></strong></span> <span class='ocrx_word' id='word_1_51' title='bbox 1593 1261 1800 1333; x_wconf 73' lang='lat' dir='ltr'><strong><em>salutavit.</em></strong></span> 
     </span>
     <span class='ocr_line' id='line_1_7' title="bbox 180 1382 1801 1491; baseline -0.002 -21"><span class='ocrx_word' id='word_1_52' title='bbox 180 1396 269 1470; x_wconf 79' lang='lat' dir='ltr'><strong><em>Rea</em></strong></span> <span class='ocrx_word' id='word_1_53' title='bbox 290 1418 376 1466; x_wconf 91' lang='lat' dir='ltr'><strong><em>eum</em></strong></span> <span class='ocrx_word' id='word_1_54' title='bbox 395 1393 545 1491; x_wconf 74' lang='lat' dir='ltr'><strong><em>quidem</em></strong></span> <span class='ocrx_word' id='word_1_55' title='bbox 561 1392 720 1489; x_wconf 84' lang='lat' dir='ltr'><strong><em>aspexit</em></strong></span> <span class='ocrx_word' id='word_1_56' title='bbox 734 1382 790 1460; x_wconf 86' lang='lat' dir='ltr'><strong><em>sio</em></strong></span> <span class='ocrx_word' id='word_1_57' title='bbox 804 1390 981 1460; x_wconf 88' lang='lat' dir='ltr'><strong><em>loeutus:</em></strong></span> <span class='ocrx_word' id='word_1_58' title='bbox 1016 1385 1305 1460; x_wconf 80' lang='lat' dir='ltr'><strong><em>Salutationem</em></strong></span> <span class='ocrx_word' id='word_1_59' title='bbox 1320 1401 1444 1478; x_wconf 91' lang='lat' dir='ltr'><strong><em>tuam,</em></strong></span> <span class='ocrx_word' id='word_1_60' title='bbox 1464 1389 1678 1484; x_wconf 82' lang='lat' dir='ltr'><strong><em>Hb&#39;slculde,</em></strong></span> <span class='ocrx_word' id='word_1_61' title='bbox 1705 1419 1801 1468; x_wconf 86' lang='lat' dir='ltr'><strong><em>sane</em></strong></span> 
     </span>
     <span class='ocr_line' id='line_1_8' title="bbox 181 1521 1802 1626; baseline 0 -28"><span class='ocrx_word' id='word_1_62' title='bbox 181 1527 477 1622; x_wconf 80' lang='lat' dir='ltr'><strong><em>accepissemus,</em></strong></span> <span class='ocrx_word' id='word_1_63' title='bbox 504 1527 579 1598; x_wconf 85' lang='lat' dir='ltr'><strong><em>etsi</em></strong></span> <span class='ocrx_word' id='word_1_64' title='bbox 604 1527 812 1626; x_wconf 79' lang='lat' dir='ltr'><strong><em>oliqeanto</em></strong></span> <span class='ocrx_word' id='word_1_65' title='bbox 833 1521 1049 1622; x_wconf 85' lang='lat' dir='ltr'><strong><em>priusnos</em></strong></span> <span class='ocrx_word' id='word_1_66' title='bbox 1079 1523 1341 1616; x_wconf 76' lang='lat' dir='ltr'><strong><em>convenisses,</em></strong></span> <span class='ocrx_word' id='word_1_67' title='bbox 1367 1545 1499 1596; x_wconf 83' lang='lat' dir='ltr'><strong><em>earum</em></strong></span> <span class='ocrx_word' id='word_1_68' title='bbox 1527 1535 1657 1597; x_wconf 88' lang='lat' dir='ltr'><strong><em>tamen</em></strong></span> <span class='ocrx_word' id='word_1_69' title='bbox 1680 1528 1802 1600; x_wconf 87' lang='lat' dir='ltr'><strong><em>etiam</em></strong></span> 
     </span>
     <span class='ocr_line' id='line_1_9' title="bbox 181 1638 1316 1760; baseline 0.002 -24"><span class='ocrx_word' id='word_1_70' title='bbox 181 1684 285 1736; x_wconf 87' lang='lat' dir='ltr'><strong><em>nunc</em></strong></span> <span class='ocrx_word' id='word_1_71' title='bbox 302 1638 543 1760; x_wconf 47' lang='lat' dir='ltr'><strong><em>accipietur(</em></strong></span> <span class='ocrx_word' id='word_1_72' title='bbox 1311 1647 1316 1659; x_wconf 22' lang='lat' dir='ltr'><strong><em>i</em></strong></span> 
     </span>
    </p>
   </div>
   <div class='ocr_carea' id='block_1_3' title="bbox 841 1854 1138 1964">
    <p class='ocr_par' dir='ltr' id='par_1_3' title="bbox 841 1854 1138 1964">
     <span class='ocr_line' id='line_1_10' title="bbox 841 1854 1138 1964; baseline -0.007 -2"><span class='ocrx_word' id='word_1_73' title='bbox 841 1854 973 1964; x_wconf 71' lang='lat' dir='ltr'><strong><em>cto.</em></strong></span> <span class='ocrx_word' id='word_1_74' title='bbox 1007 1869 1138 1962; x_wconf 84' lang='lat' dir='ltr'>XIII.</span> 
     </span>
    </p>
   </div>
   <div class='ocr_carea' id='block_1_4' title="bbox 175 2031 1815 5090">
    <p class='ocr_par' dir='ltr' id='par_1_4' title="bbox 175 2031 1815 4983">
     <span class='ocr_line' id='line_1_11' title="bbox 376 2031 1803 2165; baseline -0.002 -25"><span class='ocrx_word' id='word_1_75' title='bbox 376 2031 537 2142; x_wconf 77' lang='lat' dir='ltr'><strong><em>Postea</em></strong></span> <span class='ocrx_word' id='word_1_76' title='bbox 554 2094 623 2143; x_wconf 85' lang='lat' dir='ltr'><strong><em>rex</em></strong></span> <span class='ocrx_word' id='word_1_77' title='bbox 634 2069 885 2144; x_wconf 78' lang='lat' dir='ltr'><strong><em>Hdskuldum</em></strong></span> <span class='ocrx_word' id='word_1_78' title='bbox 901 2070 1018 2143; x_wconf 73' lang='lat' dir='ltr'><strong><em>valde</em></strong></span> <span class='ocrx_word' id='word_1_79' title='bbox 1028 2067 1188 2141; x_wconf 88' lang='lat' dir='ltr'><strong><em>comiter</em></strong></span> <span class='ocrx_word' id='word_1_80' title='bbox 1206 2067 1402 2165; x_wconf 74' lang='lat' dir='ltr'><strong><em>excipiens</em></strong></span> <span class='ocrx_word' id='word_1_81' title='bbox 1411 2087 1524 2139; x_wconf 83' lang='lat' dir='ltr'><strong><em>suam</em></strong></span> <span class='ocrx_word' id='word_1_82' title='bbox 1537 2065 1671 2141; x_wconf 84' lang='lat' dir='ltr'><strong><em>nooim</em></strong></span> <span class='ocrx_word' id='word_1_83' title='bbox 1690 2064 1803 2138; x_wconf 89' lang='lat' dir='ltr'><strong><em>illum</em></strong></span> 
     </span>
     <span class='ocr_line' id='line_1_12' title="bbox 180 2199 1803 2304; baseline -0.001 -31"><span class='ocrx_word' id='word_1_84' title='bbox 180 2205 434 2276; x_wconf 80' lang='lat' dir='ltr'><strong><em>conscendere</em></strong></span> <span class='ocrx_word' id='word_1_85' title='bbox 435 2203 598 2300; x_wconf 81' lang='lat' dir='ltr'><strong><em>jubebat</em></strong></span> <span class='ocrx_word' id='word_1_86' title='bbox 605 2231 620 2300; x_wconf 62' lang='grc' dir='ltr'><strong><em>ς</em></strong></span> <span class='ocrx_word' id='word_1_87' title='bbox 636 2204 874 2304; x_wconf 80' lang='lat' dir='ltr'><strong><em>atqeeapud</em></strong></span> <span class='ocrx_word' id='word_1_88' title='bbox 882 2226 1100 2293; x_wconf 84' lang='lat' dir='ltr'><strong><em>semonere,</em></strong></span> <span class='ocrx_word' id='word_1_89' title='bbox 1121 2201 1213 2272; x_wconf 87' lang='lat' dir='ltr'><strong><em>dum</em></strong></span> <span class='ocrx_word' id='word_1_90' title='bbox 1223 2200 1264 2274; x_wconf 94' lang='lat' dir='ltr'><strong><em>in</em></strong></span> <span class='ocrx_word' id='word_1_91' title='bbox 1274 2202 1481 2298; x_wconf 78' lang='lat' dir='ltr'><strong><em>Norvagia</em></strong></span> <span class='ocrx_word' id='word_1_92' title='bbox 1492 2205 1628 2298; x_wconf 83' lang='lat' dir='ltr'><strong><em>degere</em></strong></span> <span class='ocrx_word' id='word_1_93' title='bbox 1644 2199 1803 2292; x_wconf 82' lang='lat' dir='ltr'><strong><em>luberet,</em></strong></span> 
     </span>
     <span class='ocr_line' id='line_1_13' title="bbox 179 2335 1805 2436; baseline -0.001 -28"><span class='ocrx_word' id='word_1_94' title='bbox 179 2337 348 2432; x_wconf 78' lang='lat' dir='ltr'><strong><em>rogauit.</em></strong></span> <span class='ocrx_word' id='word_1_95' title='bbox 401 2339 871 2436; x_wconf 74' lang='lat' dir='ltr'><strong><em>Hisiuldusrespondit:</em></strong></span> <span class='ocrx_word' id='word_1_96' title='bbox 908 2339 992 2410; x_wconf 86' lang='lat' dir='ltr'><strong><em>Pro</em></strong></span> <span class='ocrx_word' id='word_1_97' title='bbox 1018 2335 1255 2410; x_wconf 74' lang='lat' dir='ltr'><strong><em>invitatione</em></strong></span> <span class='ocrx_word' id='word_1_98' title='bbox 1284 2347 1355 2408; x_wconf 89' lang='lat' dir='ltr'><strong><em>tua</em></strong></span> <span class='ocrx_word' id='word_1_99' title='bbox 1381 2335 1506 2408; x_wconf 77' lang='lat' dir='ltr'><strong><em>nabeo</em></strong></span> <span class='ocrx_word' id='word_1_100' title='bbox 1526 2335 1710 2430; x_wconf 73' lang='lat' dir='ltr'><strong><em>gratias,</em></strong></span> <span class='ocrx_word' id='word_1_101' title='bbox 1736 2358 1805 2407; x_wconf 80' lang='lat' dir='ltr'><strong><em>ee·-</em></strong></span> 
     </span>
     <span class='ocr_line' id='line_1_14' title="bbox 178 2463 1805 2570; baseline -0.002 -27"><span class='ocrx_word' id='word_1_102' title='bbox 178 2493 267 2544; x_wconf 91' lang='lat' dir='ltr'><strong><em>rum</em></strong></span> <span class='ocrx_word' id='word_1_103' title='bbox 280 2471 358 2545; x_wconf 78' lang='lat' dir='ltr'><strong><em>leae</em></strong></span> <span class='ocrx_word' id='word_1_104' title='bbox 377 2487 518 2547; x_wconf 85' lang='lat' dir='ltr'><strong><em>oestote</em></strong></span> <span class='ocrx_word' id='word_1_105' title='bbox 533 2476 662 2547; x_wconf 84' lang='lat' dir='ltr'><strong><em>multa</em></strong></span> <span class='ocrx_word' id='word_1_106' title='bbox 679 2473 779 2546; x_wconf 76' lang='lat' dir='ltr'><strong><em>milti</em></strong></span> <span class='ocrx_word' id='word_1_107' title='bbox 793 2471 952 2570; x_wconf 81' lang='lat' dir='ltr'><strong><em>negotia</em></strong></span> <span class='ocrx_word' id='word_1_108' title='bbox 972 2468 1218 2561; x_wconf 83' lang='lat' dir='ltr'><strong><em>incumbunt,</em></strong></span> <span class='ocrx_word' id='word_1_109' title='bbox 1254 2463 1293 2542; x_wconf 76' lang='lat'><strong><em>8&lt;</em></strong></span> <span class='ocrx_word' id='word_1_110' title='bbox 1318 2470 1391 2542; x_wconf 75' lang='lat' dir='ltr'><strong><em>lzoc</em></strong></span> <span class='ocrx_word' id='word_1_111' title='bbox 1406 2469 1559 2567; x_wconf 76' lang='lat' dir='ltr'><strong><em>quidem</em></strong></span> <span class='ocrx_word' id='word_1_112' title='bbox 1573 2468 1742 2541; x_wconf 77' lang='lat' dir='ltr'><strong><em>monime</em></strong></span> <span class='ocrx_word' id='word_1_113' title='bbox 1761 2469 1805 2540; x_wconf 85' lang='lat' dir='ltr'><strong><em>in</em></strong></span> 
     </span>
     <span class='ocr_line' id='line_1_15' title="bbox 178 2601 1808 2706; baseline -0.002 -28"><span class='ocrx_word' id='word_1_114' title='bbox 178 2629 303 2680; x_wconf 86' lang='lat' dir='ltr'><strong><em>causa</em></strong></span> <span class='ocrx_word' id='word_1_115' title='bbox 312 2608 425 2701; x_wconf 83' lang='lat' dir='ltr'><strong><em>suit,</em></strong></span> <span class='ocrx_word' id='word_1_116' title='bbox 467 2633 536 2682; x_wconf 92' lang='lat' dir='ltr'><strong><em>cur</em></strong></span> <span class='ocrx_word' id='word_1_117' title='bbox 562 2621 599 2680; x_wconf 89' lang='lat' dir='ltr'><strong><em>te</em></strong></span> <span class='ocrx_word' id='word_1_118' title='bbox 623 2611 828 2684; x_wconf 78' lang='lat' dir='ltr'><strong><em>convenire</em></strong></span> <span class='ocrx_word' id='word_1_119' title='bbox 842 2631 921 2706; x_wconf 91' lang='lat' dir='ltr'><strong><em>per</em></strong></span> <span class='ocrx_word' id='word_1_120' title='bbox 946 2618 1029 2678; x_wconf 89' lang='lat' dir='ltr'><strong><em>tam</em></strong></span> <span class='ocrx_word' id='word_1_121' title='bbox 1052 2607 1213 2702; x_wconf 79' lang='lat' dir='ltr'><strong><em>longum</em></strong></span> <span class='ocrx_word' id='word_1_122' title='bbox 1243 2615 1396 2701; x_wconf 85' lang='lat' dir='ltr'><strong><em>tempus</em></strong></span> <span class='ocrx_word' id='word_1_123' title='bbox 1420 2602 1662 2694; x_wconf 81' lang='lat' dir='ltr'><strong><em>distulerim,</em></strong></span> <span class='ocrx_word' id='word_1_124' title='bbox 1705 2601 1808 2700; x_wconf 78' lang='lat' dir='ltr'><strong><em>qood</em></strong></span> 
     </span>
     <span class='ocr_line' id='line_1_16' title="bbox 175 2735 1806 2840; baseline -0.001 -29"><span class='ocrx_word' id='word_1_125' title='bbox 175 2739 279 2811; x_wconf 79' lang='lat' dir='ltr'><strong><em>milei</em></strong></span> <span class='ocrx_word' id='word_1_126' title='bbox 290 2743 544 2839; x_wconf 88' lang='lat' dir='ltr'><strong><em>propositum</em></strong></span> <span class='ocrx_word' id='word_1_127' title='bbox 557 2755 646 2815; x_wconf 89' lang='lat' dir='ltr'><strong><em>erat</em></strong></span> <span class='ocrx_word' id='word_1_128' title='bbox 661 2743 773 2840; x_wconf 82' lang='lat' dir='ltr'><strong><em>ligna</em></strong></span> <span class='ocrx_word' id='word_1_129' title='bbox 790 2740 1036 2816; x_wconf 77' lang='lat' dir='ltr'><strong><em>exstruendis</em></strong></span> <span class='ocrx_word' id='word_1_130' title='bbox 1065 2739 1216 2813; x_wconf 76' lang='lat' dir='ltr'><strong><em>adibus</em></strong></span> <span class='ocrx_word' id='word_1_131' title='bbox 1241 2751 1344 2835; x_wconf 86' lang='lat' dir='ltr'><strong><em>apto</em></strong></span> <span class='ocrx_word' id='word_1_132' title='bbox 1363 2760 1607 2832; x_wconf 87' lang='lat' dir='ltr'><strong><em>comparare.</em></strong></span> <span class='ocrx_word' id='word_1_133' title='bbox 1661 2739 1748 2808; x_wconf 78' lang='lat' dir='ltr'><strong><em>Rex</em></strong></span> <span class='ocrx_word' id='word_1_134' title='bbox 1764 2735 1806 2810; x_wconf 85' lang='lat' dir='ltr'><strong><em>in</em></strong></span> 
     </span>
     <span class='ocr_line' id='line_1_17' title="bbox 177 2867 1807 2972; baseline -0.004 -24"><span class='ocrx_word' id='word_1_135' title='bbox 177 2875 225 2948; x_wconf 89' lang='lat' dir='ltr'><em>V</em></span> <span class='ocrx_word' id='word_1_136' title='bbox 221 2873 344 2944; x_wconf 77' lang='lat' dir='ltr'><strong><em>iliam</em></strong></span> <span class='ocrx_word' id='word_1_137' title='bbox 365 2875 478 2945; x_wconf 88' lang='lat' dir='ltr'><strong><em>illum</em></strong></span> <span class='ocrx_word' id='word_1_138' title='bbox 496 2875 631 2948; x_wconf 75' lang='lat' dir='ltr'><strong><em>navim</em></strong></span> <span class='ocrx_word' id='word_1_139' title='bbox 648 2875 787 2946; x_wconf 88' lang='lat' dir='ltr'><strong><em>ducere</em></strong></span> <span class='ocrx_word' id='word_1_140' title='bbox 789 2867 967 2972; x_wconf 80' lang='lat' dir='ltr'><strong><em>jubebat.</em></strong></span> <span class='ocrx_word' id='word_1_141' title='bbox 1019 2874 1088 2946; x_wconf 91' lang='lat' dir='ltr'><strong><em>Ita</em></strong></span> <span class='ocrx_word' id='word_1_142' title='bbox 1115 2872 1346 2946; x_wconf 80' lang='lat' dir='ltr'><strong><em>Hoskuldus</em></strong></span> <span class='ocrx_word' id='word_1_143' title='bbox 1366 2894 1444 2968; x_wconf 90' lang='lat' dir='ltr'><strong><em>per</em></strong></span> <span class='ocrx_word' id='word_1_144' title='bbox 1469 2871 1633 2970; x_wconf 72' lang='lat' dir='ltr'><strong><em>aliquod</em></strong></span> <span class='ocrx_word' id='word_1_145' title='bbox 1655 2883 1807 2967; x_wconf 88' lang='lat' dir='ltr'><strong><em>tempus</em></strong></span> 
     </span>
     <span class='ocr_line' id='line_1_18' title="bbox 175 3003 1807 3101; baseline 0 -25"><span class='ocrx_word' id='word_1_146' title='bbox 175 3004 296 3101; x_wconf 88' lang='lat' dir='ltr'><strong><em>apud</em></strong></span> <span class='ocrx_word' id='word_1_147' title='bbox 309 3027 437 3100; x_wconf 82' lang='lat' dir='ltr'><strong><em>regem</em></strong></span> <span class='ocrx_word' id='word_1_148' title='bbox 449 3006 693 3101; x_wconf 74' lang='lat' dir='ltr'><strong><em>permansit,</em></strong></span> <span class='ocrx_word' id='word_1_149' title='bbox 729 3006 886 3077; x_wconf 74' lang='lat' dir='ltr'><strong><em>resilii</em></strong></span> <span class='ocrx_word' id='word_1_150' title='bbox 910 3007 1022 3100; x_wconf 76' lang='lat' dir='ltr'><strong><em>ligna</em></strong></span> <span class='ocrx_word' id='word_1_151' title='bbox 1048 3007 1104 3076; x_wconf 88' lang='lat' dir='ltr'><strong><em>ad</em></strong></span> <span class='ocrx_word' id='word_1_152' title='bbox 1127 3003 1403 3097; x_wconf 67' lang='lat' dir='ltr'><strong><em>aedificandum</em></strong></span> <span class='ocrx_word' id='word_1_153' title='bbox 1429 3005 1620 3096; x_wconf 85' lang='lat' dir='ltr'><strong><em>tradidit,</em></strong></span> <span class='ocrx_word' id='word_1_154' title='bbox 1647 3006 1807 3079; x_wconf 82' lang='lat' dir='ltr'><strong><em>navim-</em></strong></span> 
     </span>
     <span class='ocr_line' id='line_1_19' title="bbox 177 3135 1809 3238; baseline 0.001 -28"><span class='ocrx_word' id='word_1_155' title='bbox 177 3161 252 3238; x_wconf 79' lang='lat' dir='ltr'><strong><em>qve</em></strong></span> <span class='ocrx_word' id='word_1_156' title='bbox 267 3139 511 3208; x_wconf 89' lang='lat' dir='ltr'><strong><em>onerandam</em></strong></span> <span class='ocrx_word' id='word_1_157' title='bbox 535 3137 703 3208; x_wconf 81' lang='lat' dir='ltr'><strong><em>curauit.</em></strong></span> <span class='ocrx_word' id='word_1_158' title='bbox 768 3137 866 3208; x_wconf 83' lang='lat' dir='ltr'><strong><em>Tum</em></strong></span> <span class='ocrx_word' id='word_1_159' title='bbox 896 3156 966 3208; x_wconf 78' lang='lat' dir='ltr'><strong><em>rex</em></strong></span> <span class='ocrx_word' id='word_1_160' title='bbox 997 3135 1246 3208; x_wconf 85' lang='lat' dir='ltr'><strong><em>Ho&#39;slculdum</em></strong></span> <span class='ocrx_word' id='word_1_161' title='bbox 1269 3136 1328 3206; x_wconf 92' lang='lat' dir='ltr'><strong><em>ita</em></strong></span> <span class='ocrx_word' id='word_1_162' title='bbox 1345 3137 1544 3209; x_wconf 87' lang='lat' dir='ltr'><strong><em>allocutus</em></strong></span> <span class='ocrx_word' id='word_1_163' title='bbox 1560 3150 1639 3210; x_wconf 82' lang='lat' dir='ltr'><strong><em>est:</em></strong></span> <span class='ocrx_word' id='word_1_164' title='bbox 1674 3161 1754 3211; x_wconf 87' lang='lat' dir='ltr'><strong><em>non</em></strong></span> <span class='ocrx_word' id='word_1_165' title='bbox 1771 3149 1809 3212; x_wconf 80' lang='lat' dir='ltr'><strong><em>te</em></strong></span> 
     </span>
     <span class='ocr_line' id='line_1_20' title="bbox 178 3265 1808 3366; baseline 0 -22"><span class='ocrx_word' id='word_1_166' title='bbox 178 3270 372 3366; x_wconf 73' lang='lat' dir='ltr'><strong><em>loicapud</em></strong></span> <span class='ocrx_word' id='word_1_167' title='bbox 389 3293 460 3341; x_wconf 84' lang='lat' dir='ltr'><strong><em>nos</em></strong></span> <span class='ocrx_word' id='word_1_168' title='bbox 482 3267 736 3341; x_wconf 83' lang='lat' dir='ltr'><strong><em>detinebimus</em></strong></span> <span class='ocrx_word' id='word_1_169' title='bbox 755 3267 913 3363; x_wconf 81' lang='lat' dir='ltr'><strong><em>longius</em></strong></span> <span class='ocrx_word' id='word_1_170' title='bbox 933 3292 1049 3366; x_wconf 82' lang='lat' dir='ltr'><strong><em>qvam</em></strong></span> <span class='ocrx_word' id='word_1_171' title='bbox 1068 3266 1139 3339; x_wconf 82' lang='lat' dir='ltr'><strong><em>tibi</em></strong></span> <span class='ocrx_word' id='word_1_172' title='bbox 1164 3265 1246 3364; x_wconf 84' lang='lat' dir='ltr'><strong><em>ipsi</em></strong></span> <span class='ocrx_word' id='word_1_173' title='bbox 1260 3267 1484 3365; x_wconf 81' lang='lat' dir='ltr'><strong><em>placuerit,</em></strong></span> <span class='ocrx_word' id='word_1_174' title='bbox 1517 3291 1652 3342; x_wconf 73' lang='lat' dir='ltr'><strong><em>verum</em></strong></span> <span class='ocrx_word' id='word_1_175' title='bbox 1677 3282 1808 3344; x_wconf 88' lang='lat' dir='ltr'><strong><em>tamen</em></strong></span> 
     </span>
     <span class='ocr_line' id='line_1_21' title="bbox 180 3401 1809 3500; baseline 0 -24"><span class='ocrx_word' id='word_1_176' title='bbox 180 3403 390 3500; x_wconf 88' lang='lat' dir='ltr'><strong><em>difficulter</em></strong></span> <span class='ocrx_word' id='word_1_177' title='bbox 404 3401 609 3489; x_wconf 78' lang='lat' dir='ltr'><strong><em>hominem,</em></strong></span> <span class='ocrx_word' id='word_1_178' title='bbox 626 3402 747 3500; x_wconf 77' lang='lat' dir='ltr'><strong><em>quiin</em></strong></span> <span class='ocrx_word' id='word_1_179' title='bbox 765 3414 874 3474; x_wconf 92' lang='lat' dir='ltr'><strong><em>tuum</em></strong></span> <span class='ocrx_word' id='word_1_180' title='bbox 891 3401 1075 3472; x_wconf 84' lang='lat' dir='ltr'><strong><em>succedat</em></strong></span> <span class='ocrx_word' id='word_1_181' title='bbox 1088 3401 1227 3488; x_wconf 88' lang='lat' dir='ltr'><strong><em>locum,</em></strong></span> <span class='ocrx_word' id='word_1_182' title='bbox 1244 3423 1376 3472; x_wconf 88' lang='lat' dir='ltr'><strong><em>remur</em></strong></span> <span class='ocrx_word' id='word_1_183' title='bbox 1392 3401 1593 3475; x_wconf 72' lang='lat' dir='ltr'><strong><em>inventum</em></strong></span> <span class='ocrx_word' id='word_1_184' title='bbox 1609 3401 1673 3474; x_wconf 89' lang='lat' dir='ltr'><strong><em>iri.</em></strong></span> <span class='ocrx_word' id='word_1_185' title='bbox 1712 3405 1809 3477; x_wconf 84' lang='lat' dir='ltr'><strong><em>Tum</em></strong></span> 
     </span>
     <span class='ocr_line' id='line_1_22' title="bbox 182 3531 1809 3631; baseline 0.002 -21"><span class='ocrx_word' id='word_1_186' title='bbox 182 3563 251 3610; x_wconf 85' lang='lat' dir='ltr'><strong><em>rex</em></strong></span> <span class='ocrx_word' id='word_1_187' title='bbox 272 3537 521 3610; x_wconf 80' lang='lat' dir='ltr'><strong><em>Hoslculdum</em></strong></span> <span class='ocrx_word' id='word_1_188' title='bbox 548 3535 604 3606; x_wconf 91' lang='lat' dir='ltr'><strong><em>ad</em></strong></span> <span class='ocrx_word' id='word_1_189' title='bbox 624 3535 760 3608; x_wconf 78' lang='lat' dir='ltr'><strong><em>navim</em></strong></span> <span class='ocrx_word' id='word_1_190' title='bbox 782 3537 1025 3625; x_wconf 88' lang='lat' dir='ltr'><strong><em>conductum,</em></strong></span> <span class='ocrx_word' id='word_1_191' title='bbox 1050 3535 1111 3605; x_wconf 88' lang='lat' dir='ltr'><strong><em>ita</em></strong></span> <span class='ocrx_word' id='word_1_192' title='bbox 1135 3531 1289 3631; x_wconf 84' lang='lat' dir='ltr'><strong><em>affatus</em></strong></span> <span class='ocrx_word' id='word_1_193' title='bbox 1318 3547 1397 3607; x_wconf 83' lang='lat' dir='ltr'><strong><em>est:</em></strong></span> <span class='ocrx_word' id='word_1_194' title='bbox 1430 3535 1652 3608; x_wconf 86' lang='lat' dir='ltr'><strong><em>Honestum</em></strong></span> <span class='ocrx_word' id='word_1_195' title='bbox 1670 3549 1707 3611; x_wconf 88' lang='lat' dir='ltr'><strong><em>te</em></strong></span> <span class='ocrx_word' id='word_1_196' title='bbox 1727 3564 1809 3612; x_wconf 83' lang='lat' dir='ltr'><strong><em>esse</em></strong></span> 
     </span>
     <span class='ocr_line' id='line_1_23' title="bbox 182 3666 1811 3768; baseline 0.004 -25"><span class='ocrx_word' id='word_1_197' title='bbox 182 3669 312 3744; x_wconf 74' lang='lat' dir='ltr'><strong><em>virum</em></strong></span> <span class='ocrx_word' id='word_1_198' title='bbox 323 3671 412 3766; x_wconf 83' lang='lat' dir='ltr'><strong><em>jam</em></strong></span> <span class='ocrx_word' id='word_1_199' title='bbox 437 3667 539 3739; x_wconf 82' lang='lat' dir='ltr'><strong><em>eatis</em></strong></span> <span class='ocrx_word' id='word_1_200' title='bbox 565 3669 736 3763; x_wconf 90' lang='lat' dir='ltr'><strong><em>comperi</em></strong></span> <span class='ocrx_word' id='word_1_201' title='bbox 741 3666 860 3760; x_wconf 78' lang='lat' dir='ltr'><strong><em>,·.leac</em></strong></span> <span class='ocrx_word' id='word_1_202' title='bbox 876 3693 968 3742; x_wconf 78' lang='lat' dir='ltr'><strong><em>vero</em></strong></span> <span class='ocrx_word' id='word_1_203' title='bbox 995 3667 1139 3741; x_wconf 88' lang='lat' dir='ltr'><strong><em>ultima</em></strong></span> <span class='ocrx_word' id='word_1_204' title='bbox 1161 3667 1266 3760; x_wconf 78' lang='lat' dir='ltr'><strong><em>eice,</em></strong></span> <span class='ocrx_word' id='word_1_205' title='bbox 1299 3691 1360 3740; x_wconf 90' lang='lat' dir='ltr'><strong><em>me</em></strong></span> <span class='ocrx_word' id='word_1_206' title='bbox 1385 3669 1523 3741; x_wconf 87' lang='lat' dir='ltr'><strong><em>saltim</em></strong></span> <span class='ocrx_word' id='word_1_207' title='bbox 1537 3685 1745 3768; x_wconf 75' lang='lat' dir='ltr'><strong><em>regnante,</em></strong></span> <span class='ocrx_word' id='word_1_208' title='bbox 1773 3687 1811 3749; x_wconf 88' lang='lat' dir='ltr'><strong><em>te</em></strong></span> 
     </span>
     <span class='ocr_line' id='line_1_24' title="bbox 184 3801 1810 3903; baseline 0.002 -28"><span class='ocrx_word' id='word_1_209' title='bbox 184 3803 446 3899; x_wconf 77' lang='lat' dir='ltr'><strong><em>exNoreagia</em></strong></span> <span class='ocrx_word' id='word_1_210' title='bbox 457 3801 734 3899; x_wconf 87' lang='lat' dir='ltr'><strong><em>profecturum</em></strong></span> <span class='ocrx_word' id='word_1_211' title='bbox 752 3815 926 3882; x_wconf 89' lang='lat' dir='ltr'><strong><em>autumo.</em></strong></span> <span class='ocrx_word' id='word_1_212' title='bbox 985 3803 1082 3876; x_wconf 69' lang='lat' dir='ltr'><strong><em>lum</em></strong></span> <span class='ocrx_word' id='word_1_213' title='bbox 1095 3824 1164 3878; x_wconf 76' lang='lat' dir='ltr'><strong><em>rex</em></strong></span> <span class='ocrx_word' id='word_1_214' title='bbox 1180 3827 1343 3877; x_wconf 88' lang='lat' dir='ltr'><strong><em>aureum</em></strong></span> <span class='ocrx_word' id='word_1_215' title='bbox 1358 3803 1563 3898; x_wconf 88' lang='lat' dir='ltr'><strong><em>annulum,</em></strong></span> <span class='ocrx_word' id='word_1_216' title='bbox 1580 3805 1646 3903; x_wconf 77' lang='lat' dir='ltr'><strong><em>qvi</em></strong></span> <span class='ocrx_word' id='word_1_217' title='bbox 1662 3831 1810 3886; x_wconf 69' lang='lat' dir='ltr'><strong><em>marea</em></strong></span> 
     </span>
     <span class='ocr_line' id='line_1_25' title="bbox 179 3935 1810 4040; baseline 0.003 -26"><span class='ocrx_word' id='word_1_218' title='bbox 179 3941 343 4040; x_wconf 88' lang='lat' dir='ltr'><strong><em>pondus</em></strong></span> <span class='ocrx_word' id='word_1_219' title='bbox 364 3935 543 4033; x_wconf 80' lang='lat' dir='ltr'><strong><em>efficeret,</em></strong></span> <span class='ocrx_word' id='word_1_220' title='bbox 586 3961 613 4008; x_wconf 88' lang='lat' dir='ltr'><strong><em>a</em></strong></span> <span class='ocrx_word' id='word_1_221' title='bbox 642 3959 764 4009; x_wconf 88' lang='lat' dir='ltr'><strong><em>manu</em></strong></span> <span class='ocrx_word' id='word_1_222' title='bbox 789 3935 968 4028; x_wconf 77' lang='lat' dir='ltr'><strong><em>detraxit</em></strong></span> <span class='ocrx_word' id='word_1_223' title='bbox 991 3935 1269 4036; x_wconf 80' lang='lat' dir='ltr'><strong><em>Hdskuldoqee</em></strong></span> <span class='ocrx_word' id='word_1_224' title='bbox 1297 3937 1479 4029; x_wconf 76' lang='lat' dir='ltr'><strong><em>donavit,</em></strong></span> <span class='ocrx_word' id='word_1_225' title='bbox 1532 3939 1722 4039; x_wconf 77' lang='lat' dir='ltr'><strong><em>simulque</em></strong></span> <span class='ocrx_word' id='word_1_226' title='bbox 1745 3945 1810 4018; x_wconf 86' lang='lat' dir='ltr'><strong><em>illi</em></strong></span> 
     </span>
     <span class='ocr_line' id='line_1_26' title="bbox 184 4068 1813 4170; baseline -0.001 -22"><span class='ocrx_word' id='word_1_227' title='bbox 184 4074 296 4147; x_wconf 88' lang='lat' dir='ltr'><strong><em>dedit</em></strong></span> <span class='ocrx_word' id='word_1_228' title='bbox 305 4073 488 4170; x_wconf 85' lang='lat' dir='ltr'><strong><em>gladium</em></strong></span> <span class='ocrx_word' id='word_1_229' title='bbox 517 4071 617 4142; x_wconf 87' lang='lat' dir='ltr'><strong><em>odeo</em></strong></span> <span class='ocrx_word' id='word_1_230' title='bbox 637 4068 869 4166; x_wconf 83' lang='lat' dir='ltr'><strong><em>pretiosum,</em></strong></span> <span class='ocrx_word' id='word_1_231' title='bbox 893 4081 939 4140; x_wconf 92' lang='lat' dir='ltr'><strong><em>ut</em></strong></span> <span class='ocrx_word' id='word_1_232' title='bbox 961 4069 1125 4142; x_wconf 87' lang='lat' dir='ltr'><strong><em>dimidio</em></strong></span> <span class='ocrx_word' id='word_1_233' title='bbox 1140 4095 1287 4144; x_wconf 80' lang='lat' dir='ltr'><strong><em>marca</em></strong></span> <span class='ocrx_word' id='word_1_234' title='bbox 1302 4096 1436 4146; x_wconf 82' lang='lat' dir='ltr'><strong><em>aureoe</em></strong></span> <span class='ocrx_word' id='word_1_235' title='bbox 1459 4083 1668 4147; x_wconf 85' lang='lat' dir='ltr'><strong><em>constaret.</em></strong></span> <span class='ocrx_word' id='word_1_236' title='bbox 1719 4079 1813 4156; x_wconf 81' lang='grc' dir='ltr'><strong><em>Ηό-</em></strong></span> 
     </span>
     <span class='ocr_line' id='line_1_27' title="bbox 185 4201 1813 4309; baseline 0.002 -29"><span class='ocrx_word' id='word_1_237' title='bbox 185 4209 349 4280; x_wconf 81' lang='lat' dir='ltr'><strong><em>skuldus</em></strong></span> <span class='ocrx_word' id='word_1_238' title='bbox 377 4204 461 4303; x_wconf 81' lang='lat' dir='ltr'><strong><em>regi</em></strong></span> <span class='ocrx_word' id='word_1_239' title='bbox 477 4209 562 4302; x_wconf 90' lang='lat' dir='ltr'><strong><em>&#39;pro</em></strong></span> <span class='ocrx_word' id='word_1_240' title='bbox 581 4204 695 4276; x_wconf 91' lang='lat' dir='ltr'><strong><em>donis</em></strong></span> <span class='ocrx_word' id='word_1_241' title='bbox 724 4205 901 4302; x_wconf 85' lang='lat' dir='ltr'><strong><em>omniqee</em></strong></span> <span class='ocrx_word' id='word_1_242' title='bbox 924 4227 1020 4300; x_wconf 84' lang='lat' dir='ltr'><strong><em>erga</em></strong></span> <span class='ocrx_word' id='word_1_243' title='bbox 1044 4227 1084 4276; x_wconf 83' lang='lat' dir='ltr'><strong><em>se</em></strong></span> <span class='ocrx_word' id='word_1_244' title='bbox 1110 4201 1281 4278; x_wconf 79' lang='lat' dir='ltr'><strong><em>exlcibito</em></strong></span> <span class='ocrx_word' id='word_1_245' title='bbox 1303 4207 1451 4281; x_wconf 73' lang='lat' dir='ltr'><strong><em>honore</em></strong></span> <span class='ocrx_word' id='word_1_246' title='bbox 1470 4207 1631 4305; x_wconf 79' lang='lat' dir='ltr'><strong><em>gratiae</em></strong></span> <span class='ocrx_word' id='word_1_247' title='bbox 1650 4215 1813 4309; x_wconf 67' lang='lat' dir='ltr'><strong><em>persol-</em></strong></span> 
     </span>
     <span class='ocr_line' id='line_1_28' title="bbox 185 4337 1814 4448; baseline 0.005 -32"><span class='ocrx_word' id='word_1_248' title='bbox 185 4341 312 4416; x_wconf 79' lang='lat' dir='ltr'><strong><em>vebat.</em></strong></span> <span class='ocrx_word' id='word_1_249' title='bbox 373 4339 529 4415; x_wconf 90' lang='lat' dir='ltr'><strong><em>Deinde</em></strong></span> <span class='ocrx_word' id='word_1_250' title='bbox 543 4339 774 4412; x_wconf 80' lang='lat' dir='ltr'><strong><em>Hdskuldus</em></strong></span> <span class='ocrx_word' id='word_1_251' title='bbox 795 4337 932 4414; x_wconf 84' lang='lat' dir='ltr'><strong><em>naeim</em></strong></span> <span class='ocrx_word' id='word_1_252' title='bbox 956 4339 1198 4430; x_wconf 85' lang='lat' dir='ltr'><strong><em>conscendit,</em></strong></span> <span class='ocrx_word' id='word_1_253' title='bbox 1243 4339 1286 4414; x_wconf 91' lang='lat' dir='ltr'><strong><em>in</em></strong></span> <span class='ocrx_word' id='word_1_254' title='bbox 1313 4341 1442 4413; x_wconf 85' lang='lat' dir='ltr'><strong><em>altum</em></strong></span> <span class='ocrx_word' id='word_1_255' title='bbox 1467 4355 1599 4418; x_wconf 79' lang='lat' dir='ltr'><strong><em>vectus</em></strong></span> <span class='ocrx_word' id='word_1_256' title='bbox 1623 4359 1814 4448; x_wconf 75' lang='lat' dir='ltr'><strong><em>uentoque</em></strong></span> 
     </span>
     <span class='ocr_line' id='line_1_29' title="bbox 187 4471 1813 4574; baseline 0.006 -25"><span class='ocrx_word' id='word_1_257' title='bbox 187 4499 281 4549; x_wconf 79' lang='lat' dir='ltr'><strong><em>usus</em></strong></span> <span class='ocrx_word' id='word_1_258' title='bbox 309 4476 489 4564; x_wconf 83' lang='lat' dir='ltr'><strong><em>secundo,</em></strong></span> <span class='ocrx_word' id='word_1_259' title='bbox 523 4475 580 4546; x_wconf 90' lang='lat' dir='ltr'><strong><em>od</em></strong></span> <span class='ocrx_word' id='word_1_260' title='bbox 600 4475 899 4550; x_wconf 86' lang='lat' dir='ltr'><strong><em>meridionalem</em></strong></span> <span class='ocrx_word' id='word_1_261' title='bbox 919 4486 1036 4547; x_wconf 85' lang='lat' dir='ltr'><strong><em>terroe</em></strong></span> <span class='ocrx_word' id='word_1_262' title='bbox 1057 4471 1284 4572; x_wconf 82' lang='lat' dir='ltr'><strong><em>(lslandioe)</em></strong></span> <span class='ocrx_word' id='word_1_263' title='bbox 1310 4499 1423 4548; x_wconf 89' lang='lat' dir='ltr'><strong><em>oram</em></strong></span> <span class='ocrx_word' id='word_1_264' title='bbox 1442 4477 1621 4574; x_wconf 90' lang='lat' dir='ltr'><strong><em>primum</em></strong></span> <span class='ocrx_word' id='word_1_265' title='bbox 1638 4483 1813 4574; x_wconf 83' lang='lat' dir='ltr'><strong><em>advenit,</em></strong></span> 
     </span>
     <span class='ocr_line' id='line_1_30' title="bbox 190 4607 1815 4710; baseline 0.007 -28"><span class='ocrx_word' id='word_1_266' title='bbox 190 4609 327 4684; x_wconf 86' lang='lat' dir='ltr'><strong><em>deiude</em></strong></span> <span class='ocrx_word' id='word_1_267' title='bbox 346 4607 580 4681; x_wconf 89' lang='lat' dir='ltr'><strong><em>occidentem</em></strong></span> <span class='ocrx_word' id='word_1_268' title='bbox 598 4633 732 4684; x_wconf 81' lang='lat' dir='ltr'><strong><em>versus</em></strong></span> <span class='ocrx_word' id='word_1_269' title='bbox 750 4610 1018 4708; x_wconf 83' lang='lat' dir='ltr'><strong><em>promontorii</em></strong></span> <span class='ocrx_word' id='word_1_270' title='bbox 1038 4609 1262 4706; x_wconf 77' lang='lat' dir='ltr'><strong><em>Reylanesi</em></strong></span> <span class='ocrx_word' id='word_1_271' title='bbox 1285 4622 1403 4710; x_wconf 77' lang='lat' dir='ltr'><strong><em>atqve</em></strong></span> <span class='ocrx_word' id='word_1_272' title='bbox 1424 4611 1702 4708; x_wconf 81' lang='lat' dir='ltr'><strong><em>Snoesellsneei</em></strong></span> <span class='ocrx_word' id='word_1_273' title='bbox 1722 4643 1815 4693; x_wconf 81' lang='lat' dir='ltr'><strong><em>orae</em></strong></span> 
     </span>
     <span class='ocr_line' id='line_1_31' title="bbox 191 4743 1815 4844; baseline 0.007 -28"><span class='ocrx_word' id='word_1_274' title='bbox 191 4745 320 4843; x_wconf 83' lang='lat' dir='ltr'><strong><em>legens</em></strong></span> <span class='ocrx_word' id='word_1_275' title='bbox 352 4743 678 4838; x_wconf 76' lang='lat' dir='ltr'><strong><em>Breidasjirdum</em></strong></span> <span class='ocrx_word' id='word_1_276' title='bbox 706 4743 720 4834; x_wconf 72' lang='lat' dir='ltr'><strong><em>l</em></strong></span> <span class='ocrx_word' id='word_1_277' title='bbox 723 4745 860 4818; x_wconf 84' lang='lat' dir='ltr'><strong><em>Sinum</em></strong></span> <span class='ocrx_word' id='word_1_278' title='bbox 893 4745 961 4844; x_wconf 78' lang='lat' dir='ltr'><strong><em>qvi</em></strong></span> <span class='ocrx_word' id='word_1_279' title='bbox 984 4743 1115 4820; x_wconf 81' lang='lat' dir='ltr'><strong><em>Lotus</em></strong></span> <span class='ocrx_word' id='word_1_280' title='bbox 1147 4744 1310 4838; x_wconf 89' lang='lat' dir='ltr'><strong><em>dicitur)</em></strong></span> <span class='ocrx_word' id='word_1_281' title='bbox 1338 4747 1518 4822; x_wconf 75' lang='lat' dir='ltr'><strong><em>intravit.</em></strong></span> <span class='ocrx_word' id='word_1_282' title='bbox 1584 4748 1815 4827; x_wconf 81' lang='lat' dir='ltr'><strong><em>Hdslculdue</em></strong></span> 
     </span>
     <span class='ocr_line' id='line_1_32' title="bbox 190 4879 1815 4983; baseline 0.007 -31"><span class='ocrx_word' id='word_1_283' title='bbox 190 4881 232 4954; x_wconf 85' lang='lat' dir='ltr'><strong><em>in</em></strong></span> <span class='ocrx_word' id='word_1_284' title='bbox 256 4881 356 4956; x_wconf 88' lang='lat' dir='ltr'><strong><em>ostio</em></strong></span> <span class='ocrx_word' id='word_1_285' title='bbox 373 4879 557 4974; x_wconf 88' lang='lat' dir='ltr'><strong><em>fluminis</em></strong></span> <span class='ocrx_word' id='word_1_286' title='bbox 580 4881 699 4956; x_wconf 75' lang='lat' dir='ltr'><strong><em>Laud</em></strong></span> <span class='ocrx_word' id='word_1_287' title='bbox 724 4882 935 4956; x_wconf 88' lang='lat' dir='ltr'><strong><em>interram</em></strong></span> <span class='ocrx_word' id='word_1_288' title='bbox 971 4903 1148 4976; x_wconf 73' lang='lat' dir='ltr'><strong><em>egressus</em></strong></span> <span class='ocrx_word' id='word_1_289' title='bbox 1180 4881 1316 4958; x_wconf 76' lang='lat' dir='ltr'><strong><em>navim</em></strong></span> <span class='ocrx_word' id='word_1_290' title='bbox 1337 4883 1545 4958; x_wconf 73' lang='lat' dir='ltr'><strong><em>exonerari</em></strong></span> <span class='ocrx_word' id='word_1_291' title='bbox 1566 4896 1683 4983; x_wconf 78' lang='lat' dir='ltr'><strong><em>atqve</em></strong></span> <span class='ocrx_word' id='word_1_292' title='bbox 1704 4886 1815 4964; x_wconf 82' lang='lat' dir='ltr'><strong><em>intra</em></strong></span> 
     </span>
    </p>

    <p class='ocr_par' dir='ltr' id='par_1_5' title="bbox 1581 5017 1614 5090">
     <span class='ocr_line' id='line_1_33' title="bbox 1581 5017 1614 5090; baseline 0 0"><span class='ocrx_word' id='word_1_293' title='bbox 1581 5017 1614 5090; x_wconf 87' lang='lat' dir='ltr'><strong>E</strong></span> 
     </span>
    </p>
   </div>
   <div class='ocr_carea' id='block_1_5' title="bbox 0 0 2342 5828">
    <p class='ocr_par' dir='ltr' id='par_1_6' title="bbox 0 0 2342 5828">
     <span class='ocr_line' id='line_1_34' title="bbox 0 0 2342 5828; baseline 0 0"><span class='ocrx_word' id='word_1_294' title='bbox 0 0 2342 5828; x_wconf 95' lang='lat' dir='ltr'><strong><em> </em></strong></span> 
     </span>
    </p>
   </div>
  </div>
 </body>
</html>
