4612 5832
917 489 979 576 75

144 735 326 838 coeptam.
386 737 492 812 Tunc
509 740 656 812 Olaeus
679 739 926 834 propositum
950 740 1122 808 elocutus
1138 739 1324 835 simulque
1340 738 1517 826 docebat,
1541 739 1677 833 quanti
1696 762 1757 808 res

143 877 340 966 referret,
365 897 529 968 namqee
555 885 680 966 regem
706 873 1030 968 Myrlsjartanum
1052 885 1270 942 maternum
1293 871 1368 940 sibi
1393 896 1510 943 avum
1534 896 1624 940 esse.
1687 871 1757 940 Cui

143 1005 388 1076 Gunnlzilda:
402 1005 498 1098 Ego,
508 1005 643 1100 inquit,
653 1016 689 1073 te
698 1006 753 1072 acl
763 1004 833 1072 lzoc
842 1003 916 1072 iter
926 1003 1134 1094 adjuvabo,
1146 1007 1204 1072 uti
1216 1017 1330 1073 tanta
1342 1028 1593 1098 cumpompa,
1605 1015 1754 1097 quanta

143 1135 213 1204 tibi
235 1137 313 1228 ipsi
340 1137 445 1206 labet
466 1137 538 1206 boo
561 1139 637 1208 iter
644 1137 782 1226 facere
793 1159 919 1229 queas.
977 1135 1031 1204 Ob
1050 1136 1133 1204 bees
1143 1137 1342 1228 promissa
1355 1138 1502 1206 Olavus
1521 1135 1583 1204 illi
1594 1134 1756 1240 gratias

137 1267 397 1362 persolvebat.
461 1268 566 1338 Dein
598 1267 830 1337 Gunnbilcla
856 1253 990 1336 navim
1007 1266 1158 1360 parari
1178 1247 1293 1360 atqcue
1316 1268 1372 1334 ad
1394 1269 1554 1336 eandem
1582 1267 1756 1336 bomines

140 1398 276 1490 colligi
281 1385 464 1487 jubebat,
493 1401 741 1494 Olavumqae,
758 1411 943 1494 quarelam
960 1398 1132 1470 virorum
1151 1421 1351 1466 numerum
1368 1421 1501 1469 versus
1524 1400 1757 1469 occidentem
1862 1467 1866 1474 ,

138 1553 265 1599 secum
283 1531 419 1600 clusere
435 1529 825 1626 vellet,proescribere
840 1531 1006 1623 rogavit.
1063 1532 1211 1601 Olavus
1225 1531 1306 1600 LX
1319 1530 1423 1598 viros
1432 1527 1673 1622 exposcebat,
1690 1530 1758 1598 sed

139 1671 269 1730 tamen
287 1663 422 1754 magni
436 1663 621 1734 interesse
637 1663 817 1749 asseruit,
845 1675 889 1730 ut
905 1663 982 1731 ista
1003 1663 1140 1732 cobors
1156 1663 1300 1730 milites
1315 1662 1453 1754 magis,
1469 1685 1582 1755 qaam
1601 1683 1756 1729 merca-

140 1805 259 1878 tores,
287 1794 462 1882 referret.
531 1796 762 1866 Guuuliilcla
786 1795 900 1864 illam
928 1796 1045 1866 talem
1061 1795 1250 1884 futuram
1269 1793 1474 1887 promisit3
1511 1795 1567 1862 acl
1585 1793 1657 1862 boe
1682 1791 1757 1860 iter

144 1923 272 1996 Ocnus
292 1951 377 1996 cum
401 1928 526 1998 Olavo
549 1928 711 2018 electus,
738 1923 775 1996 8<
791 1925 928 1997 cohors
945 1928 1093 2021 quidem
1111 1927 1278 2020 perbene
1297 1927 1500 1996 instructa.
1554 1926 1639 1996 Rex
1658 1921 1755 1992 Ha-

139 2058 279 2126 raldus
297 2069 411 2152 atqoe
429 2060 661 2130 Gannbilda
682 2060 849 2129 Olaeum
870 2061 926 2126 acl
943 2060 1078 2130 navim
1100 2059 1410 2146 comitabantur,
1447 2052 1648 2150 &prater
1674 2076 1753 2123 coe-
1812 2056 1814 2060 ’
1910 2145 1915 2154 .

141 2202 224 2258 tera
237 2191 337 2285 jura
359 2193 562 2280 amicitiae,
589 2192 630 2262 in
646 2213 729 2285 qvae
752 2189 963 2286 illumjam
983 2194 1233 2286 recepissent,
1259 2217 1299 2260 se
1318 2190 1380 2259 illi
1407 2191 1615 2295 secundam
1640 2209 1753 2254 suam

129 2319 343 2411 fortunam
366 2323 636 2417 impertituros
662 2323 895 2415 promisere,
930 2325 1074 2417 idqvod
1098 2348 1166 2394 rea
1183 2322 1395 2393 Ha'raldus
1399 2321 1529 2412 facile
1532 2318 1626 2411 fi'eri
1635 2341 1753 2412 posse

138 2451 370 2546 affirmavit,
406 2457 594 2528 neminem
618 2455 719 2525 enim
742 2479 789 2524 ea
813 2468 931 2526 atate
951 2457 1207 2527 venustiorem
1221 2455 1347 2527 virum
1366 2479 1418 2524 ex*
1429 2451 1611 2524 Islandia
1628 2451 1752 2518 adue-
1864 2541 1871 2550 .

137 2586 241 2655 nisse
253 2586 537 2661 arbitrabatur.
588 2588 743 2660 Deinde
760 2589 917 2682 rogavit
933 2613 1000 2662 rex
1012 2601 1169 2660 oetatem
1185 2588 1314 2660 Olaei.
1370 2589 1519 2659 Oloeus
1538 2557 1753 2677 responde-

136 2716 228 2788 bat:
242 2719 333 2811 jam
349 2722 505 2792 XVIII
519 2745 645 2792 annos
661 2733 781 2790 natus
803 2745 898 2820 sum.
952 2725 1037 2794 Rea
1059 2721 1284 2814 respondit:
1315 2721 1424 2790 Talis
1440 2717 1537 2805 viri,
1564 2715 1692 2810 qualis
1710 2725 1752 2784 tu

134 2871 191 2937 es,
212 2873 359 2944 magna
382 2875 476 2920 sane
493 2865 549 2922 est
560 2852 818 2947 proestantia,
836 2855 925 2946 jam
939 2853 1041 2923 enim
1057 2853 1122 2924 vis
1139 2877 1178 2922 es
1188 2874 1361 2946 egressus
1373 2851 1566 2946 puerilem
1583 2859 1751 2918 oetatem.

135 2981 184 3052 V
178 2987 289 3048 erum
305 2983 457 3052 rediens
480 2983 616 3052 statim
637 3005 706 3053 nos
731 2984 900 3052 conveni.
946 2985 1093 3051 Postea
1112 3007 1179 3052 rex
1195 2997 1312 3077 atqve
1331 2983 1562 3054 Gunnbilcla
1584 2981 1752 3052 Olavum

136 3110 274 3202 valere
279 3110 472 3203 jubebant
478 3139 492 3202 ,·
528 3126 609 3182 tum
626 3115 694 3183 ille
710 3136 795 3182 eum
809 3112 926 3182 sociis
940 3113 1074 3182 navim
1089 3114 1390 3204 conscendebat3·
1412 3114 1549 3183 deinde
1566 3111 1607 3179 in
1626 3113 1754 3180 altum

137 3243 250 3331 vecti,
278 3253 391 3314 vento
405 3245 685 3333 minusfausto
701 3268 747 3312 ea
765 3253 904 3311 astate
923 3241 984 3310 usi
999 3255 1100 3330 sunt,
1128 3267 1221 3312 nam
1240 3242 1382 3314 nebula
1393 3241 1477 3332 suit
1490 3241 1628 3328 multa,
1649 3239 1753 3310 venti
1796 3295 1810 3314 .

138 3399 230 3448 aero
248 3387 321 3444 aut
338 3374 492 3468 exigua,
517 3375 727 3446 autetiam
750 3375 784 3442 si
800 3397 889 3468 qva,
913 3373 1117 3442 contraria
1135 3375 1322 3465 vis5'late
1332 3397 1408 3468 per
1421 3383 1590 3468 pontum
1601 3368 1754 3468 jactati

138 3519 242 3595 sunt,
259 3509 438 3601 plerique
462 3518 676 3578 nautarum
695 3517 875 3575 errantes
899 3505 946 3575 de
968 3503 1189 3599 regionibus
1215 3497 1333 3594 coeli,
1359 3509 1427 3588 sed
1447 3505 1607 3600 denique
1624 3515 1755 3570 tamen

138 3637 296 3733 diffusa
318 3638 486 3725 nebula,
524 3652 641 3734 atqve
662 3638 766 3709 venti
785 3636 932 3725 exorti,
951 3633 954 3638 ’
972 3647 1123 3732 tumque
1140 3660 1276 3730 pansa
1301 3639 1409 3728 eela‚·
1426 3639 1516 3736 jam
1533 3639 1580 3708 cle
1598 3657 1641 3706 eo
1664 3646 1752 3704 orta

139 3770 378 3840 consultatio
399 3770 464 3840 ubi
488 3771 686 3842 Hibernia
701 3769 907 3866 qeoerenda
925 3781 1034 3858 esset,
1046 3793 1265 3864 parumque
1274 3773 1320 3840 cle
1328 3796 1371 3842 eo
1387 3770 1490 3842 inter
1502 3780 1650 3840 nautas
1659 3789 1756 3838 con-

139 3901 259 3972 venit.
310 3901 390 3972 Orn
407 3905 638 3976 sententiam
657 3901 841 3972 tuebatur
864 3901 1040 3972 omnibus
1063 3901 1214 3971 cateris-
1235 3903 1370 3974 nautis
1388 3902 1650 3986 contrariom,
1691 3896 1756 3968 illi

139 4033 241 4103 enim
260 4057 345 4102 eum
370 4037 523 4106 omnino
545 4059 679 4106 errore
697 4035 975 4105 contenderunt
996 4033 1140 4127 sibique
1154 4033 1219 4102 uti
1224 4035 1411 4123 pluribus
1434 4011 1754 4104 esse'cedendum.
1795 4007 1798 4013 ¹

140 4163 292 4236 Deinde
318 4167 435 4237 Olavi
446 4169 602 4262 judicio
623 4167 825 4238 commissa
852 4190 923 4236 res.
980 4165 1087 4236 Tunc
1107 4166 1274 4236 Olavus:
1300 4165 1425 4254 Mihi,
1456 4164 1597 4260 inqeit,
1619 4162 1757 4257 placet

144 4309 186 4364 ut
195 4308 375 4390 potestas
386 4299 439 4368 sit
449 4323 570 4393 penes
582 4324 673 4395 qvos
683 4313 740 4370 est
747 4296 974 4394 prudentia,
984 4319 1074 4366 nam
1086 4298 1296 4368 stultorum
1307 4297 1466 4370 inventa
1477 4309 1622 4392 qvanto
1630 4297 1756 4390 plura

145 4427 395 4518 conveniunt,
431 4443 544 4502 tanto
571 4431 681 4503 nobis
705 4431 831 4524 magis
857 4427 975 4498 noxia
988 4429 1147 4522 judico,
1180 4423 1217 4500 ἃ
1236 4429 1299 4500 bis
1314 4453 1409 4500 sane
1425 4430 1542 4500 dictis
1559 4429 1676 4503 Olavi
1693 4447 1755 4495 res

145 4559 365 4652 dijudicata
393 4563 601 4636 videbatur
627 4560 664 4635 8<
682 4574 824 4658 posteo
843 4561 1011 4655 regimen
1029 4561 1182 4632 itineris
1195 4587 1315 4656 penes
1333 4562 1586 4656 Ornumfuit.
1638 4561 1754 4632 lam-

145 4713 213 4784 qre
237 4695 471 4789 navigatum
490 4717 569 4790 per
590 4688 782 4765 noctes&
813 4693 894 4763 dies
919 4694 1148 4788 plerumqve
1179 4696 1303 4768 ventis
1324 4698 1487 4768 nimium
1516 4691 1754 4790 tranqvillis.

144 4821 303 4894 Accidit
328 4833 497 4921 qeadom
526 4839 635 4900 nocte
658 4838 701 4896 ut
726 4821 863 4920 uigiles
878 4839 1081 4922 surgerent
1100 4840 1215 4924 atqve
1230 4855 1358 4902 omnes
1374 4843 1521 4904 nautas
1540 4827 1647 4898 illico
1662 4841 1755 4890 sur-

1469 4961 1555 5032 Ka
