4636 5832
933 489 994 574 ob

858 588 1067 606 m

159 737 324 830 l'igdisa
348 733 534 822 leorolso
556 735 728 816 miserat.
787 733 893 826 Tenc
919 732 1128 820 Tborolfns
1146 730 1185 799 in
1206 730 1307 800 lianc
1322 731 1414 821 sere
1430 734 1583 802 modom
1605 755 1768 825 respon-

158 869 243 935 dit:
269 867 367 936 Hcec
382 867 479 958 milri
497 867 610 956 signa
628 889 836 958 agnoscere
859 877 1002 948 certam
1021 874 1088 951 est,
1110 861 1148 934 8<
1171 889 1264 944 sane
1282 865 1475 958 excipiam
1493 864 1684 934 bominem
1707 887 1769 932 se-

158 997 323 1065 candam
343 979 457 1082 lione,
485 1021 592 1090 qoem
610 998 683 1064 illa
698 995 795 1062 'milti
814 996 932 1082 misit,
943 995 1148 1082 nantium,
1175 1021 1266 1063 nam
1281 997 1410 1090 ntiqoe
1433 997 1586 1065 videtur
1599 997 1641 1066 V
1638 993 1766 1088 igdiso

158 1128 366 1196 admodum
393 1129 550 1197 noneste
574 1151 652 1198 sese
673 1127 836 1222 gessisse
864 1128 904 1195 in
928 1127 1002 1194 bac
1028 1149 1088 1214 re‚·
1144 1121 1182 1194 8<
1211 1128 1416 1196 dolendam
1437 1138 1622 1215 scireest,
1651 1124 1770 1192 talem

157 1259 358 1346 mulierem
403 1273 485 1337 tom
525 1260 688 1352 ignobili
722 1260 780 1328 nti
806 1258 1067 1328 matrimonio.
1135 1257 1225 1328 Jarn
1252 1259 1488 1350 tnAsgonte
1516 1260 1768 1342 lticmaneas,

159 1381 347 1483 qvamdio
384 1389 452 1458 tibi
495 1391 575 1482 ipsi
603 1369 789 1484 placebit.
864 1387 1070 1482 Asgootns
1094 1414 1171 1482 per
1206 1392 1363 1486 longam
1395 1404 1545 1483 tempos
1578 1401 1693 1458 semet
1714 1386 1768 1456 ibi

160 1546 390 1592 mansorum
419 1522 587 1614 nega-vit.
665 1523 770 1590 Tunc
808 1521 1017 1610 leorolsos
1058 1522 1186 1592 virum
1213 1523 1286 1590 sibi
1325 1522 1585 1615 cognominem
1621 1517 1770 1610 excepit

162 1655 304 1748 illoqoe
326 1650 485 1720 assiduo
513 1655 648 1722 comite
670 1677 761 1721 usos
792 1651 869 1737 est,
899 1652 1125 1744 Asgootnm
1148 1667 1278 1724 autem
1305 1655 1538 1722 amicissime
1567 1641 1770 1718 dimisit&

164 1787 232 1854 ille
251 1787 404 1852 domum
426 1784 554 1857 rediit.
607 1787 699 1854 Jam
727 1787 773 1852 cle
793 1783 977 1875 lngjaldo
1002 1775 1310 1875 memorandam,
1348 1787 1447 1882 qood
1473 1797 1517 1853 ut
1534 1807 1558 1850 a
1585 1779 1772 1870 'l'lzorolfo

163 1919 412 2004 discesserat,
454 1918 733 2002 Gaddastados
774 1913 1011 1998 revertebat,
1063 1929 1153 1987 tunc
1186 1916 1424 2012 eproximis
1452 1914 1563 1986 villis
1595 1913 1772 2006 Vigdisoe

163 2049 299 2120 nuntio
318 2051 468 2118 evocati
485 2049 657 2120 homines
674 2059 943 2132 convenerant,
972 2070 1039 2130 nec
1056 2062 1171 2118 erant
1185 2051 1356 2118 homines
1376 2047 1515 2116 ibidem
1548 2044 1774 2140 congregati
1864 2057 1868 2064 ’

164 2182 271 2272 insro
287 2182 369 2248 XX
380 2205 547 2250 numero.
615 2182 707 2251 Com
722 2164 819 2251 'vero
848 2179 1058 2270 Ingjoldas
1082 2171 1168 2250 ¹com
1198 2181 1312 2249 sociis
1331 2182 1386 2248 ad
1400 2147 1537 2249 billorn
1549 2177 1774 2272 perveniret

168 2313 436 2384 Tborclumad
455 2327 691 2386 sevocatum
726 2313 783 2380 ito
809 2308 1090 2404 olloqvebotur.
1158 2316 1309 2382 Parnm
1337 2313 1514 2396 boneste,
1550 2310 1695 2404 inqoit,
1738 2319 1774 2376 te

163 2467 257 2540 erga
276 2469 346 2514 nos
362 2446 534 2538 gessisti,
565 2447 716 2516 Tltorde
724 2448 739 2514 l
763 2445 835 2514 boc
849 2445 949 2512 enini
958 2469 1037 2537 pro
1059 2457 1161 2513 certo
1177 2443 1379 2534 babemus,
1407 2455 1443 2511 te
1461 2429 1652 2511 bominem
1672 2429 1775 2508 clam

162 2577 375 2671 ablegasse.
442 2579 619 2648 Tltordos
638 2578 796 2672 negavit
810 2601 850 2646 se
867 2577 983 2672 bajus
998 2601 1148 2648 conssoe
1163 2577 1301 2648 merito
1328 2575 1561 2646 insimulari.
1614 2573 1776 2668 Jamqoe

164 2710 290 2778 omnis
317 2711 494 2802 Ingjaldi
527 2723 642 2804 atqve
672 2711 819 2778 leordi
852 2711 1090 2778 consultatio
1113 2710 1389 2802 palnrnsacta
1424 2721 1482 2790 est
1508 2702 1545 2774 8<
1570 2705 1776 2800 Ingjoldos

157 2840 373 2934 pecuniam
399 2833 511 2932 'qertm
545 2841 699 2908 'Ibordo
730 2841 955 2907 tradiderat
990 2839 1223 2933 reposcebat.
1292 2842 1397 2910 Tunc
1423 2840 1589 2932 Vigdisa
1618 2837 1777 2904 illoram
1839 2881 1842 2888 »

163 2969 360 3060 colloqvia
374 2969 507 3055 adficit
534 2981 649 3060 atqve
669 2969 752 3036 lzoec
786 2969 867 3035 illis
893 2993 938 3036 ex
969 2972 1118 3038 meritis
1146 2971 1301 3038 cessisse
1318 2971 1550 3064 affirmavit,
1582 2967 1778 3040 ttzordum

163 3123 258 3174 vero
280 3098 449 3188 rogavit,
475 3121 522 3166 ne
532 3097 639 3166 lianc
659 3097 869 3188 pecuniam
891 3104 1073 3166 retineret
1081 3125 1094 3189 ,-
1132 3123 1224 3168 nam
1240 3112 1281 3168 tn
1308 3101 1476 3189 Tborde,
1503 3101 1647 3194 inqoit,
1673 3099 1777 3166 lianc

162 3227 376 3326 pecuniam
397 3249 546 3318 porum
571 3227 728 3298 honeste
755 3229 1007 3319 acqoisivisti.
1079 3229 1256 3299 leordns
1283 3230 1402 3316 dixit,
1439 3230 1552 3298 illam
1578 3229 1694 3322 nujus
1721 3227 1777 3295 rei

162 3371 403 3456 potestatem
440 3355 514 3422 sibi
538 3357 628 3449 jam
651 3357 880 3425 vindicasse.
951 3360 986 3427 Τ
982 3383 1046 3428 um
1064 3361 1106 3430 V
1104 3360 1232 3453 igdisa
1256 3363 1409 3428 domam
1435 3361 1610 3454 ingressa
1632 3360 1687 3426 ad
1706 3380 1779 3426 ar-

169 3517 257 3560 cam
279 3489 487 3583 qvondam,
511 3511 594 3582 qece
623 3485 776 3556 leor‘do
799 3500 907 3576 erat,
944 3490 1083 3560 ibidem
1103 3459 1239 3585 magni
1250 3492 1440 3584 ponderis
1459 3492 1605 3562 loculos
1621 3491 1779 3578 incenit,
1843 3529 1850 3552 s

171 3623 243 3691 lios
258 3620 432 3688 sublatos
437 3619 560 3707 foros
576 3643 700 3688 secam
717 3620 892 3688 adillam
911 3623 1048 3712 locum,
1069 3621 1134 3694 nbi
1151 3635 1247 3692 esset
1263 3624 1470 3718 Ingjaldos
1491 3623 1642 3710 attolit,
1669 3621 1783 3691 illom
1900 3625 1906 3641 '

172 3755 278 3823 bunc
289 3752 513 3821 thesauram
522 3750 699 3842 accipere
704 3751 880 3860 jubebat.
897 3755 1117 3848 -Ingjaldns
1132 3754 1278 3824 adltaec
1290 3755 1504 3849 supercilio
1522 3721 1797 3823 attollerent-⁰
1866 3717 1869 3730 Ι

174 3909 247 3980 qve
264 3907 420 3951 manum
429 3882 634 3974 porrigere
651 3885 706 3952 ad
720 3883 945 3954 tleesonrum
962 3888 1243 3981 accipiendam.
1312 3887 1347 3958 T
1344 3911 1407 3956 nm
1430 3890 1472 3959 V
1470 3888 1597 3980 igdisa
1616 3885 1783 3956 sublatis

175 4015 317 4084 loculis
345 4039 483 4082 nasum
508 4016 570 4082 illi
598 4013 817 4084 verberavit
843 4017 902 4083 ita
928 4030 972 4085 nt
997 4020 1157 4111 sangvis
1186 4021 1227 4088 in
1247 4019 1405 4088 humum
1424 4019 1626 4112 deflueret,
1668 4017 1787 4086 simul

175 4143 303 4214 malta
330 4145 607 4213 contumeliosa
624 4145 781 4213 addidit
800 4147 920 4234 dicta,
941 4148 1170 4241 negavitqve
1193 4173 1361 4243 nnqvam
1372 4163 1514 4244 posteo
1532 4151 1648 4218 istam
1661 4172 1786 4242 pecu·

176 4277 286 4344 niam
312 4276 376 4344 illi
404 4277 596 4346 traditum
623 4277 694 4363 iri,
739 4272 776 4345 8<
803 4278 940 4347 deinde
964 4279 1076 4348 illum
1097 4277 1205 4348 abire
1224 4279 1394 4372 jubebat.
1469 4283 1559 4351 lom
1577 4281 1785 4377 Ingjoldns

178 4406 384 4476 consilinm
405 4431 519 4501 qoam
537 4408 721 4477 citissime
736 4407 907 4478 abeundi
932 4411 1121 4504 optimum
1143 4425 1274 4501 ratos,
1312 4415 1352 4484 in
1378 4413 1485 4486 viam
1510 4439 1549 4486 se
1562 4415 1698 4484 statim
1716 4415 1786 4483 de-

181 4539 261 4627 dit,
305 4563 503 4634 nnnqoam
536 4539 755 4610 intermisso
779 4539 917 4612 itinere
953 4555 1161 4642 onteqcam
1190 4545 1343 4618 domum
1361 4548 1607 4643 perveniret,
1635 4544 1787 4616 itineris

181 4681 340 4740 eventus
356 4673 556 4766 oegerrime
569 4671 712 4764 ferens.

1535 4899 1538 4906 Ι
1561 4815 1596 4882 G
