4636 5832
876 494 1090 610 *os-

174 745 274 816 sima
284 739 516 827 habebatur,
533 740 768 836 cujussama
780 738 846 812 ubi
858 740 913 812 ad
930 764 1048 812 aures
1059 739 1256 812 Hciskuldi
1264 743 1459 836 peruenit,
1476 743 1666 840 simulque
1674 747 1798 818 Bitir-

171 901 259 950 nem
279 901 359 947 esse
375 875 547 946 omniurn
568 875 788 946 incolarum
805 875 1123 966 Strandensium,
1148 875 1342 945 hominem
1358 901 1400 948 re
1423 879 1662 965 lautissima,
1683 883 1795 952 doma

172 1035 258 1086 cum
286 1011 415 1080 decem
446 1009 545 1083 uiris
563 1035 656 1107 equo
674 1009 832 1081 uehitur
846 1009 1155 1103 atqueBiiirnem
1173 1010 1666 1105 rusticumBiarnarfitirdi
1689 1015 1793 1105 visit,
1899 1033 1901 1038 ·

171 1147 233 1217 cui
260 1169 348 1217 cum
375 1154 474 1214 esset
502 1142 655 1239 egregia
686 1142 840 1215 nomine
870 1141 1069 1236 cognitus,
1117 1142 1398 1215 humanissime
1425 1145 1475 1216 ab
1508 1171 1551 1218 eo
1582 1149 1790 1244 excipitur.

167 1279 324 1352 Deinde
336 1277 566 1346 Hiiskuldus
591 1277 637 1348 de
654 1299 773 1347 uxore
788 1278 966 1347 ducenda
985 1299 1197 1348 sermonem
1217 1278 1413 1367 instituit,
1449 1304 1556 1373 quem
1572 1283 1697 1352 Bitirn
1722 1307 1791 1352 co-

167 1413 285 1482 miter
301 1411 507 1506 excipiens,
530 1409 605 1480 sibi
621 1412 773 1516 quidem
788 1412 850 1482 ait
866 1436 954 1482 earn
969 1435 1051 1481 esse
1068 1421 1242 1500 mentem,
1259 1409 1394 1503 filiam
1411 1437 1524 1482 suam
1542 1416 1617 1484 alii
1635 1415 1789 1488 meliori

167 1571 247 1618 non
264 1545 502 1642 nupturam,
533 1569 572 1614 se
587 1557 716 1616 tamen
734 1544 838 1616 itanc
855 1569 936 1616 rem
964 1545 1091 1640 ipsius
1112 1543 1282 1615 arbitrio
1306 1545 1540 1642 relinquere,
1576 1550 1622 1620 de
1646 1574 1721 1646 qua
1747 1573 1789 1621 re

167 1703 254 1752 cum
268 1677 612 1773 apudJurunnam
638 1691 840 1774 ageretur,
883 1681 987 1751 hunc
1018 1681 1059 1750 in
1085 1682 1241 1750 modum
1257 1682 1483 1776 respondit:
1519 1685 1621 1778 quod
1660 1684 1707 1753 de
1740 1694 1787 1772 te,

165 1814 383 1902 Hoskutcte,
399 1816 457 1884 ad
468 1837 586 1884 aures
601 1827 760 1887 nostras
767 1814 1104 1908 sandoperuenit,
1120 1815 1278 1902 taleest,
1296 1827 1340 1886 ut
1346 1816 1578 1911 petitionem
1594 1829 1702 1886 tuam
1711 1840 1789 1887 non

160 1947 361 2044 possimus
381 1972 459 2048 non
470 1949 649 2044 placidis
666 1947 831 2019 auribus
844 1948 1032 2042 accipere,
1060 1948 1103 2018 id
1117 1948 1218 2020 enirn
1234 1973 1469 2044 persuasum
1493 1950 1698 2044 habemus,
1726 1949 1789 2020 illi

165 2081 280 2151 uxori
297 2080 388 2154 bene
404 2107 485 2154 esse
502 2084 732 2172 consultum,
759 2107 844 2180 quoe
863 2094 987 2152 tecum
1004 2082 1255 2153 matrimonia
1264 2083 1475 2178 jungatur,
1504 2107 1636 2156 uerum
1658 2096 1788 2154 tamen

161 2228 282 2311 pater
298 2241 405 2285 meus
433 2215 510 2286 hac
534 2219 576 2287 in
594 2242 636 2288 re
648 2219 869 2314 plurimum
889 2216 1144 2286 auctoritatis
1161 2215 1339 2304 habebit,
1372 2241 1466 2288 nam
1483 2219 1565 2288 eius
1587 2216 1788 2289 uoluntati

164 2351 338 2446 equidem
360 2349 612 2422 consentiam.
668 2353 816 2424 Verum
839 2349 901 2419 itis
924 2347 1037 2419 rebus
1063 2350 1228 2442 agendis
1250 2349 1332 2422 siue
1355 2353 1522 2421 multum
1545 2352 1625 2422 siue
1637 2373 1788 2446 parum

166 2483 352 2579 temporis
361 2463 498 2556 datum
502 2484 647 2577 suerit,
663 2511 706 2556 eo
716 2484 877 2580 denique
884 2506 946 2584 res
950 2483 1144 2578 peruenit,
1158 2483 1388 2556 utJorunna
1396 2485 1603 2556 Hdskuldo
1614 2486 1787 2580 despon-

166 2621 333 2706 deretur,
354 2643 501 2712 magna
529 2620 684 2715 adjecta
712 2618 842 2690 dotali
861 2619 1056 2714 pecunia:
1096 2603 1372 2690 id'conuiuium
1404 2631 1447 2688 ut
1474 2617 1787 2712 Hiiskzddstadis

153 2751 270 2846 fieret
293 2754 488 2822 decretum
510 2765 579 2823 est.
643 2754 711 2824 Ita
740 2765 834 2822 acta
855 2776 908 2838 re,
934 2735 1164 2822 Ho'slcuidas
1184 2779 1294 2848 eques
1306 2751 1575 2847 proficiscitur
1584 2751 1786 2846 praedium

161 2912 277 2960 suum
292 2885 513 2972 revisurus,
532 2886 691 2978 jamque
709 2885 814 2954 domi
828 2883 1014 2954 manebat
1036 2911 1155 2981 usque
1176 2889 1232 2956 ad
1250 2899 1400 2980 tempus
1419 2885 1598 2958 conuiuii.
1660 2883 1786 2979 Bjiirn

159 3045 185 3092 a
204 3017 359 3089 boreali
376 3039 449 3084 ora
466 3017 650 3098 aduenit,
681 3016 908 3108 splendente
931 3018 1107 3109 stipatus
1131 3019 1331 3089 comitatu.
1391 3019 1518 3113 Apud
1535 3019 1784 3088 Hiiskuldum

152 3157 241 3252 jam
262 3149 380 3221 multi
396 3159 658 3218 conuenerant
678 3145 797 3216 amici
813 3158 928 3243 atque
946 3147 1124 3242 cognati,
1154 3161 1312 3244 eratque
1329 3151 1549 3222 conuiuium
1576 3151 1787 3218 admodum

158 3281 422 3384 magnificum.
490 3281 627 3352 Soluto
655 3292 788 3350 autem
821 3281 1017 3370 conuiuio,
1057 3279 1217 3376 quilibet
1247 3285 1303 3351 ad
1328 3307 1401 3352 sua
1427 3283 1547 3354 rediit
1568 3282 1783 3367 domicilia,

159 3418 340 3494 amicitia
371 3414 602 3485 seinvicem
634 3427 912 3512 prosequentes
943 3415 1129 3510 donisque
1156 3415 1354 3486 hortorati.
1419 3417 1600 3486 Jorunna
1622 3417 1784 3512 Bja'rnis

149 3555 247 3652 filia
273 3549 586 3623 Hdslculdstadis
614 3548 823 3634 remansit,
871 3571 956 3618 cum
978 3549 1183 3618 Htscntdo
1206 3551 1263 3620 rei
1277 3551 1505 3642 familiaris
1530 3573 1666 3620 curam
1692 3574 1783 3618 am-

155 3691 303 3788 plexa,
344 3685 456 3783 idque
473 3682 579 3754 breui
602 3685 643 3752 in
663 3681 772 3753 illius
793 3682 938 3776 agendi
953 3685 1108 3754 ratione
1132 3684 1386 3774 manifestum
1403 3709 1442 3754 se
1465 3685 1653 3772 reddidit,
1682 3684 1783 3778 quod

154 3819 377 3922 prudentia
397 3816 627 3914 atquebona
650 3816 832 3888 educatio
862 3830 978 3912 atque
1005 3819 1222 3888 multarum
1253 3839 1381 3889 rerum
1397 3815 1433 3888 ei
1454 3819 1595 3888 inesset
1616 3817 1781 3912 peritia,

159 3957 321 4029 animus
338 3975 427 4023 uero
448 3963 536 4022 erat
549 3950 779 4046 plerumque
788 3949 1002 4041 fervidior.
1045 3949 1400 4048 Ho'slculdusatque
1416 3953 1490 4022 illa
1499 3953 1617 4043 felici
1633 3951 1781 4020 matri-

159 4089 283 4162 monii
300 4087 510 4158 concordia
527 4083 751 4173 utebantur,
773 4083 848 4153 etsi
865 4083 1035 4176 quotidie
1052 4083 1164 4154 haud
1188 4087 1315 4154 multa
1340 4099 1420 4156 esst
1443 4105 1661 4156 sermonum
1677 4105 1783 4154 com·-

157 4221 386 4309 manicatic.
438 4221 530 4290 darn
545 4218 775 4290 Hiiskuldus
795 4217 898 4286 inter
920 4240 1100 4310 proceres
1115 4216 1275 4288 habitus
1288 4213 1490 4312 potenti&
1513 4217 1554 4286 in
1580 4215 1691 4286 rebus
1706 4243 1780 4311 ge-

159 4358 293 4444 rendis
306 4353 466 4425 ardenti
474 4354 647 4448 pecunia
660 4377 737 4424 nun
747 4351 875 4442 defuit
890 4374 958 4420 nec
975 4349 1058 4421 ullo
1076 4351 1210 4423 inloco
1221 4352 1299 4442 ille,
1317 4351 1550 4445 dignitatern
1561 4352 1779 4444 respicien-
1801 4345 1806 4352 ’
1859 4349 1862 4354 ’

161 4492 276 4582 tibus,
290 4488 535 4586 patriKollo
548 4486 807 4582 posthabitus
822 4497 889 4555 est.
932 4487 1161 4556 Hiisiruldus
1176 4485 1481 4583 atqueJorunna
1499 4484 1610 4554 haud
1620 4485 1779 4580 longam

158 4623 579 4723 egerantmatrimonii
590 4623 714 4695 uitam
723 4634 932 4718 antequam
944 4619 1085 4692 liberos
1099 4621 1427 4692 nanciscerentur.
1463 4617 1593 4688 Filius
1606 4619 1777 4704 illorum,

160 4761 226 4859 qui
236 4758 447 4832 liberorum
458 4769 655 4830 eratnatu
671 4755 877 4848 maximus,
900 4757 933 4826 T
931 4755 1128 4827 horleikus
1140 4767 1313 4841 uocatus,
1333 4751 1615 4826 alterBardus.
1668 4750 1778 4821 Filia
