4636 5832
897 398 1114 526 ...ἢέ-

191 655 340 728 dictam
359 675 513 726 amnem
532 649 694 724 subduci
697 649 862 748 jubebat
879 663 995 748 atqve
1016 653 1161 726 navale
1172 649 1545 726 circumstruendum
1561 651 1729 742 curavit,
1746 673 1817 724 cu-

188 791 252 879 jos
267 789 428 862 navalis
445 786 578 862 adbuc
594 786 762 882 vestigia
779 799 992 862 remanent.
1055 786 1327 860 Tabernacula
1345 787 1484 860 ibidem
1503 787 1623 861 etiam
1640 789 1822 883 ¹locavit3
1885 871 1890 880 ¹

192 924 283 995 inde
307 923 670 998 locoBudardalus
695 923 834 1008 (vallis
863 919 1223 1018 tabernaculorum)
1248 945 1385 993 nomen
1409 936 1477 994 est.
1531 921 1686 998 Deinde
1704 922 1816 1018 ligna

191 1059 345 1129 domum
361 1055 580 1154 apportari
586 1055 731 1152 jussit,
765 1035 834 1126 nec
849 1054 991 1126 babuit
1011 1055 1138 1128 brevis
1168 1057 1235 1130 via
1260 1057 1705 1154 multamapportandi
1727 1081 1815 1128 mo-

190 1190 358 1264 lestiam.
391 1193 512 1263 'Tum
529 1191 760 1264 Hbskuldus
776 1216 861 1262 cum
871 1189 1018 1288 paucis
1035 1189 1190 1262 domum
1212 1189 1422 1286 eqvitavit3
1457 1191 1680 1263 necmirum
1695 1191 1731 1262 si
1746 1191 1814 1262 be-

191 1327 310 1421 nigne
335 1338 517 1420 exceptus
540 1338 608 1396 est.
669 1327 837 1397 Nullum
861 1324 1135 1396 detrimentum
1153 1345 1231 1418 per
1259 1323 1412 1395 itineris
1438 1337 1589 1421 tempus
1617 1349 1677 1396 res
1703 1326 1815 1396 illius

190 1470 439 1551 acceperant.
490 1460 671 1532 Jorunna
688 1461 857 1556 rogavit,
879 1483 1057 1556 qvoenam
1074 1467 1172 1529 esset
1192 1456 1265 1526 illa
1288 1459 1440 1548 mulier,
1462 1481 1546 1554 qvae
1560 1458 1674 1529 illum
1692 1461 1815 1530 comi-

191 1603 356 1664 taretur.
408 1594 658 1668 Ho‘slculdus:
685 1607 785 1682 tum,
813 1593 957 1691 inqvit,
992 1590 1204 1666 tibiverba
1234 1592 1327 1662 dari
1349 1591 1499 1683 rebere,
1534 1593 1570 1664 si
1592 1615 1660 1686 ego
1678 1603 1815 1666 memet

192 1727 304 1798 illius
323 1751 461 1800 nomen
480 1728 580 1820 scire
593 1728 758 1826 ,negaba
823 1730 1027 1801 Jorunna:
1053 1727 1293 1796 alterutrum
1303 1726 1395 1821 jam
1406 1750 1487 1822 pro
1516 1739 1622 1830 certo
1642 1725 1815 1826 babebat

190 1873 263 1932 aut
276 1861 431 1954 salsum
448 1887 528 1934 esse
545 1887 629 1936 eum
646 1887 852 1954 rumorem,
866 1861 932 1960 qvi
948 1861 1014 1931 ad¹
1027 1883 1278 1932 measraures
1294 1860 1492 1958 pervenit,
1518 1833 1642 1932 cutte
1658 1874 1813 1936 tantum
1899 1945 1904 1955 Α

190 2018 276 2064 cum
300 1995 376 2066 illa
405 1999 638 2095 colloqvium
662 1996 856 2086 babuisse,
879 1991 1068 2094 qvautum'
1091 1997 1147 2066 ad
1169 1995 1425 2089 rogitandum
1455 1996 1503 2066 de
1526 1995 1637 2064 illius
1660 1996 1814 2066 nomine

189 2128 291 2200 satis
311 2125 434 2201 essen
477 2131 574 2202 Turn
595 2126 824 2203 Hoskuldas
852 2152 932 2201 nou
951 2127 1128 2224 amplius
1154 2127 1410 2223 tergiversari
1432 2139 1627 2225 totamque
1655 2152 1735 2199 rem
1753 2127 1812 2198 uti

189 2274 282 2334 acta
300 2264 609 2354 'crat'enarr'are‚
630 2275 747 2362 atqve
762 2261 823 2336 uti
837 2262 929 2336 buia
949 2261 1108 2333 mulieri
1125 2261 1249 2333 bonos
1274 2231 1486 2334 baberetur
1501 2265 1737 2356 exposcere,'
1752 2257 1811 2331 si-

188 2395 299 2494 biqve
319 2399 490 2472 maxime
497 2402 672 2496 placere,
697 2411 744 2470 ut
760 2398 868 2472 domi
888 2387 1004 2493 apud
1024 2417 1090 2466 eos
1111 2396 1237 2470 vitam
1260 2387 1416 2493 degeret
1429 2395 1642 2492 affirmare.
1715 2395 1812 2466 Tum

185 2532 390 2606 Jorunna:
414 2559 494 2608 non
511 2559 600 2632 ego,
627 2533 773 2631 inavit,
810 2557 896 2606 cum
920 2528 1233 2620 meretrice-tua,
1267 2552 1443 2629 qvameu
1460 2528 1667 2625 Norvagia
1688 2541 1812 2604 tecum

184 2669 404 2758 advexisti,
436 2668 526 2740 lites
546 2693 701 2766 agam,
740 2667 898 2738 etiarnsi
932 2665 1267 2738 conversationem
1297 2665 1418 2762 frugi
1450 2664 1650 2738 bominum
1681 2664 1811 2742 minus

183 2802 517 2897 benecognoscat5
536 2803 608 2874 lzoc
628 2826 718 2873 vero
733 2803 878 2896 optime
894 2801 1161 2898 reiqvadrare
1176 2799 1274 2869 milii
1285 2799 1450 2890 videtur,
1468 2800 1503 2870 si
1517 2799 1680 2870 auditus
1696 2810 1812 2898 atqve

184 2934 351 3030 loqvelce
368 2934 488 3004 simul
500 2957 594 3002 usus
612 2936 727 3004 deest.
787 2933 1019 3003 Hoskuldus
1045 2957 1174 3021 omnes
1197 2945 1328 3004 noctes
1345 2945 1558 3029 postqvam
1570 2936 1726 3004 domum
1744 2955 1811 3005 re·-

185 3068 322 3140 dierat
342 3067 458 3160 apud
483 3045 642 3140 uxorem
671 3063 872 3152 decubuit,
920 3063 1205 3159 infrequentior
1237 3077 1368 3134 autem
1390 3077 1479 3135 erat
1501 3091 1586 3136 cum
1609 3068 1811 3138 meretrice

187 3196 446 3272 conversatio.
509 3195 674 3268 Cuilibet
679 3195 768 3290 suit
785 3197 826 3267 iu
840 3195 918 3268 bac
932 3196 1133 3268 meretrice
1144 3208 1375 3291 spectatum,
1396 3197 1499 3293 qvod
1514 3197 1810 3291 magnanimum

184 3325 342 3431 aliqvid
366 3333 507 3404 inesset
523 3332 607 3422 illi,
634 3355 702 3401 nec
721 3329 808 3400 ulla
824 3328 966 3400 mentis
992 3327 1205 3400 aberratio.
1266 3329 1534 3426 Pracipitata
1558 3342 1691 3401 autem
1710 3332 1810 3426 Izye·
1871 3299 1875 3308 ⁴

186 3491 247 3540 me
266 3491 435 3562 puerum
460 3465 640 3561 peperit5
680 3476 762 3535 tum
791 3485 882 3536 vero
905 3463 1137 3536 Hbskuldas
1164 3466 1405 3554 advocatas,
1450 3464 1509 3535 ita
1534 3464 1594 3534 u'ti
1616 3467 1810 3540 caleride

186 3627 312 3699 puero
334 3600 538 3698 judicavit
546 3599 692 3696 ...qvod
707 3621 776 3674 nec
793 3570 1054 3674 venustiorem
1077 3623 1146 3678 nec
1166 3598 1410 3696 augustioris
1433 3622 1604 3696 unquam
1621 3601 1724 3706 visus
1743 3600 1810 3674 in-

183 3738 343 3830 fantem
356 3735 526 3808 vidisset.
566 3734 797 3806 Hbskuldus
814 3745 991 3832 rogatus,
1009 3758 1082 3831 qvo
1098 3735 1251 3808 nomine
1260 3757 1364 3829 puer
1378 3733 1808 3831 nuncupandusessot?

193 3871 363 3944 Olavum
378 3895 462 3954 eum
477 3869 613 3942 vocari
620 3868 746 3968 jussit
754 3893 768 3960 ,-
790 3892 885 3940 nam
893 3871 1113 3944 avunculus
1134 3870 1283 3944 Olavus
1300 3869 1444 3940 Feilau
1470 3867 1686 3940 breviante
1706 3869 1809 3940 diem

191 4005 353 4077 obierat.
390 4004 539 4076 Olavus
552 4004 752 4100 plerisqve
770 4003 909 4098 pueris
922 4001 1296 4098 prccstantiorsait,
1309 4003 1497 4101 patriqve
1515 4001 1721 4074 Hoskuldo
1736 4028 1809 4073 ac-

189 4140 449 4237 ceptissimus.
493 4103 833 4234 AEstateseqvente
845 4135 947 4208 dixit
967 4137 1161 4226 Jorunna,
1178 4139 1375 4210 meretrici
1397 4152 1469 4210 aut
1488 4135 1661 4240 laborem
1679 4141 1806 4211 susci-

185 4277 375 4372 piendum
388 4285 462 4344 aut
479 4299 499 4344 e
514 4274 626 4344 domo
637 4270 866 4344 abeundum.
898 4269 1129 4342 Hbsluldus
1140 4271 1254 4341 illam
1266 4271 1466 4369 sibiatqve
1478 4270 1593 4344 uxori
1602 4273 1803 4368 ancillari,

189 4410 376 4506 simulque
379 4407 499 4503 pueri
509 4430 783 4503 curamgerere
783 4404 957 4504 jubebat.
986 4405 1062 4476 Sed
1072 4429 1157 4478 cum
1161 4429 1265 4504 puer
1274 4405 1424 4478 biennis
1425 4408 1632 4505 jamesset‚
1646 4413 1805 4506 perfec-

192 4555 348 4616 tuserat
367 4567 460 4614 usus
472 4543 627 4638 linqvoe,
644 4553 713 4613 n‘ec
721 4540 850 4614 minor
854 4539 1003 4636 pedum
1011 4539 1211 4634 velocitas,
1229 4563 1343 4640 qvam
1360 4543 1807 4642 qvadriennibuspueris
1873 4635 1875 4638 Ι

190 4681 387 4750 escesolet.
413 4675 799 4774 Acciditaliqvando
810 4669 1090 4748 utHo‘slculclus
1101 4677 1280 4748 manead
1288 4679 1499 4750 domestica
1510 4681 1664 4777 negotia
1675 4683 1804 4778 inspi-

189 4815 326 4884 cienda
337 4814 602 4908 egrederetur3
621 4813 759 4898 sudum
776 4805 969 4902 coelum&
982 4807 1179 4908 affulgens
1190 4837 1317 4909 nuper
1332 4825 1487 4888 exortus
1504 4816 1574 4884 sol.
1632 4816 1727 4908 Tam
1744 4817 1793 4888 ill
1800 4820 1807 4834 '

1525 4947 1606 5020 Ea
