4636 5832
1241 409 1331 484 XVI

1169 541 1401 567 ω

491 659 587 759 rol.
617 679 657 762 4.
695 659 874 788 praefat.
905 691 953 788 p.
971 663 1110 788 Vbi?
1141 656 1528 751 Laxdaelensium
1551 637 1756 776 historia
1785 661 1930 754 etiam
1959 665 2092 792 egres

491 812 592 936 gia,
651 810 903 932 speciatim
944 808 1088 930 'prior
1132 801 1238 929 ‘ejus
1268 799 1440 927 'pars=,''
1480 833 1582 930 qvae
1625 807 1679 894 in
1718 802 1939 927 plurimis
1978 807 2092 936 Eyrs

494 951 724 1080 byggensi
758 983 859 1042 non
887 949 1089 1044 inferior
1119 947 1362 1044 censenda
1393 947 1476 1042 est.
1568 951 1629 1039 In·
1655 955 2090 1109 posteriore'trero,

492 1126 593 1223 qve
627 1095 808 1188 nBollii
826 1094 967 1189 Bollii
985 1096 1084 1188 filii
1116 1101 1217 1192 vita
1248 1089 1519 1220 computari
1548 1085 1755 1248 potest,
1752 1094 1903 1190 haud
1915 1103 2094 1226 pa'rtu'n

360 1233 362 1236 ’
494 1242 794 1370 degenerat,
794 1245 1002 1335 maxime
1031 1247 1084 1334 in
1117 1238 1483 1368 Chronolog'ia,
1500 1235 1795 1408 quapropter
1823 1242 1952 1341 hanc
1980 1253 2093 1372 pa'r:

492 1407 590 1481 tem
620 1388 681 1480 ab
712 1385 810 1483 alio
843 1391 1053 1482 auctore
1066 1409 1191 1516 post
1204 1407 1414 1482 assutam
1443 1385 1547 1501 esse
1574 1387 1894 1510 suspiceret·

535 1594 541 1604 ,
617 1513 820 1634 Huic
875 1539 935 1628 de
972 1533 1139 1631 indole
1175 1541 1218 1632 u
1256 1533 1542 1626 auctoritate
1582 1526 1797 1623 historire'
1827 1485 2096 1658 Laxdolen's

495 1675 622 1772 sium
666 1677 989 1804 disquisitioni
1020 1679 1167 1776 finem
1210 1682 1528 1808 imponimus,
1595 1677 1820 1770 notitiam
1849 1679 2094 1778 subsidio
2138 1731 2144 1736 ·

496 1853 628 1940 runt,
696 1827 865 1948 quibus
899 1831 952 1918 in
979 1821 1205 1955 praesenti
1240 1824 1454 1956 editione
1490 1823 1775 1914 adornanda
1801 1828 1879 1944 usi
1911 1823 2092 1947 sumus,

496 1965 670 2062 lectori
705 1971 1000 2066 exhibentes.
1050 1979 1056 1990 '
1099 1971 1316 2065 Eandem
1343 1972 1403 2064 'ac
1429 1973 1484 2058 in
1511 1969 1756 2096 prioribus
1784 1969 2095 2088 historiarum

497 2111 844 2236 islandicorum
876 2115 1199 2236 editionibus,
1226 2175 1233 2197 «
1258 2119 1413 2212 secuti
1432 2117 1609 2207 isumus
1633 2113 1937 2228 methodum,
1977 2119 2096 2212 tex·

499 2278 611 2354 tum.
649 2293 826 2388 nempe
864 2263 931 2390 ad
965 2261 1200 2358 Codicem
1234 2259 1635 2388 praestantissimae
1677 2264 1727 2382 &V
1758 2259 2095 2393 antiquissima¹
2181 2265 2189 2268 ’

500 2427 627 2504 notae
659 2407 1075 2505 concinnando&
1106 2408 1536 2532 dis'crepantiasin
1567 2407 1747 2498 ceteris
1779 2407 2098 2528 codicibus&

503 2552 797 2679 apographis
833 2577 1169 2674 occurrentes,
1230 2553 1383 2648 textui
1417 2549 1769 2678 subjungendo.
1835 2551 2099 2648 Perlust'ra·
2164 2603 2172 2612 ·

503 2871 673 2934 nnana
718 2847 947 2961 obviis,
969 2856 1141 2974 agmen
1188 2847 1365 2940 ducere
1409 2839 1555 2933 nobis
1587 2855 1691 2940 visa
1736 2863 1807 2936 est
1841 2845 2097 2936 notissima

395 3059 399 3068 .
506 2992 549 3095 ,se
587 2985 815 3118 elegantis
853 2997 1101 3120 scripturae
1144 2989 1425 3084 membrana
1458 2987 1524 3077 N⁰
1562 3009 1642 3088 132
1671 2985 1897 3109 infolio,
1966 3019 2096 3086 com·
2227 2997 2230 3002 “

503 3129 665 3256 plures
710 3141 965 3228 continens
1012 3136 1239 3227 historias
1284 3125 1566 3240 islandicas,
1632 3133 1759 3222 inter
1801 3163 1942 3258 qvas
1959 3135 2099 3260 Vigo-

489 3275 690 3401 glum,
740 3278 886 3407 Egilli
927 3276 1284 3406 Skallagrimii,
1333 3271 1575 3400 Fimbogri
1617 3276 1849 3398 robusti,
1894 3307 2099 3404 quorum

638 3617 792 3694 ordinem
811 3623 990 3714 redigenda
1008 3631 1087 3696 est.”
1145 3625 1220 3722 Ip'se
1240 3627 1392 3697 Turinus
1412 3625 1448 3694 in
1470 3623 1575 3694 hocce
1594 3620 1716 3713 judicio
1734 3623 1873 3698 ferendo
1894 3621 2101 3695 hauddubie

638 3729 732 3796 vetio
753 3729 853 3800 modo
876 3729 1091 3801 hallucinatus
1110 3739 1173 3802 est:
1233 3723 1470 3826 Ponit'nompe
1488 3727 1659 3799 Gellerem
1681 3753 1767 3800 euno
1790 3734 1925 3804 Mxxv
1946 3727 2101 3802 undecim

640 3854 744 3918 anuos
774 3853 888 3906 netum
920 3835 1009 3904 haud
1035 3837 1193 3923 legationi
1216 3835 1374 3906 obeuudae
1399 3837 1498 3905 luisse
1517 3851 1695 3904 maturum.
1765 3837 1832 3906 Sed
1855 3859 1942 3904 enno
1963 3837 2101 3907 Mxxv

636 3931 760 4008 Getta
782 3958 853 4008 eret
875 3939 1113 4024 duodecennis,
1137 3963 1243 4035 neqve
1266 3941 1426 4026 legitio'ne
1450 3939 1641 4028 fungebatur
1663 3937 1720 4009 sed
1739 3939 1864 4010 obsidis
1879 3937 1961 4011 tloco
1985 3939 2027 4008 ed
2043 3961 2101 4009 re-
2172 4031 2174 4036 λ

639 4062 715 4127 gout
734 4044 922 4116 mittebatur
934 4087 950 4128 ,·
986 4045 1106 4115 deinde
1123 4069 1197 4112 urm
1218 4045 1369 4116 mendoso
1392 4046 1497 4132 regis,
1524 4042 1609 4112 forte
1629 4068 1704 4114 curu
1723 4040 1841 4115 litteris
1863 4045 2016 4133 ‚ejusfed
2036 4069 2103 4138 pe-

640 4147 736 4214 triam
766 4172 916 4222 retusus
947 4168 1005 4220 est.
1073 4155 1236 4221 Praeterea
1263 4151 1364 4219 sumit
1384 4147 1554 4234 Turinus,
1596 4147 1673 4218 licet
1701 4152 1738 4218 iu
1757 4151 1951 4220 narretiono·
1966 4149 2102 4220 Snorrii

643 4251 834 4337 subsistens,
875 4253 1088 4324 Thorltelem'
1105 4278 1191 4322 anno
1215 4257 1351 4326 Mxxv
1370 4275 1482 4338 regent
1500 4254 1638 4322 Olavurn
1654 4251 1788 4338 ediisse,
1813 4254 1866 4322 'id
1887 4257 1967 4322 vero
1990 4271 2103 4346 aperte

640 4375 805 4446 repugnet
833 4360 973 4430 Soorrio
1001 4361 1177 4440 asserenti,
1212 4357 1314 4450 ,qvod
1344 4359 1409 4452 ipsi
1437 4361 1608 4450 optimates
1638 4357 1842 4432 irridendis
1871 4357 2103 4439 remanserint,

642 4453 730 4528 filios
753 4483 832 4532 vero
856 4490 931 4534 suos
950 4462 992 4529 ad
1012 4487 1121 4551 regern
1143 4463 1302 4532 miserint.
1371 4465 1411 4532 In
1429 4463 1546 4532 eadem
1564 4465 1686 4556 pagina
1708 4465 1860 4534 Torlaeus
1878 4465 1970 4533 'miro
1988 4483 2104 4530 errore

536 4631 539 4638 ,
642 4557 811 4633 Gellerem
832 4568 905 4634 Arii
928 4563 1145 4656 Polylristoris
1176 4585 1301 4659 patrem
1324 4584 1588 4662 nuncuparent,
1635 4556 1813 4640 licet'satis
1835 4582 1963 4639 constet
1985 4561 2105 4644 Gellez

645 4687 719 4736 retu
739 4667 934 4754 huiumed
956 4673 1171 4762 fuisse-avum
1194 4692 1377 4764 paternum.
1805 4705 1807 4710 ·
