<?xml version="1.0" encoding="UTF-8"?>
<!DOCTYPE html PUBLIC "-//W3C//DTD XHTML 1.0 Transitional//EN"
    "http://www.w3.org/TR/xhtml1/DTD/xhtml1-transitional.dtd">
<html xmlns="http://www.w3.org/1999/xhtml" xml:lang="en" lang="en">
 <head>
  <title>
</title>
<meta http-equiv="Content-Type" content="text/html;charset=utf-8" />
  <meta name='ocr-system' content='tesseract 3.04.00' />
  <meta name='ocr-capabilities' content='ocr_page ocr_carea ocr_par ocr_line ocrx_word'/>
</head>
<body>
  <div class='ocr_page' id='page_1' title='image "./laxdlasagasiveh00stifgoog_0114.png"; bbox 0 0 4612 5832; ppageno 0'>
   <div class='ocr_carea' id='block_1_1' title="bbox 129 501 1855 4813">
    <p class='ocr_par' dir='ltr' id='par_1_1' title="bbox 129 501 1855 4813">
     <span class='ocr_line' id='line_1_1' title="bbox 931 501 993 583; baseline 0.048 -3"><span class='ocrx_word' id='word_1_1' title='bbox 931 501 993 583; x_wconf 80' lang='lat'><strong><em>87</em></strong></span> 
     </span>
     <span class='ocr_line' id='line_1_2' title="bbox 152 735 1763 854; baseline 0.002 -27"><span class='ocrx_word' id='word_1_2' title='bbox 152 735 367 849; x_wconf 77' lang='lat' dir='ltr'><strong><em>omnesque,</em></strong></span> <span class='ocrx_word' id='word_1_3' title='bbox 395 771 480 846; x_wconf 82' lang='lat' dir='ltr'><strong><em>qvae</em></strong></span> <span class='ocrx_word' id='word_1_4' title='bbox 498 751 568 822; x_wconf 88' lang='lat' dir='ltr'><strong><em>tibi</em></strong></span> <span class='ocrx_word' id='word_1_5' title='bbox 585 747 674 844; x_wconf 81' lang='lat' dir='ltr'><strong><em>ipsi·</em></strong></span> <span class='ocrx_word' id='word_1_6' title='bbox 681 753 888 845; x_wconf 84' lang='lat' dir='ltr'><strong><em>placerent</em></strong></span> <span class='ocrx_word' id='word_1_7' title='bbox 903 748 1161 841; x_wconf 80' lang='lat' dir='ltr'><strong><em>conditiones,</em></strong></span> <span class='ocrx_word' id='word_1_8' title='bbox 1197 751 1369 846; x_wconf 79' lang='lat' dir='ltr'><strong><em>eligeres.</em></strong></span> <span class='ocrx_word' id='word_1_9' title='bbox 1443 754 1591 826; x_wconf 89' lang='lat' dir='ltr'><strong><em>Olavus</em></strong></span> <span class='ocrx_word' id='word_1_10' title='bbox 1617 759 1701 854; x_wconf 83' lang='lat' dir='ltr'><strong><em>regi</em></strong></span> <span class='ocrx_word' id='word_1_11' title='bbox 1717 760 1763 832; x_wconf 84' lang='lat' dir='ltr'><strong><em>ob</em></strong></span> 
     </span>
     <span class='ocr_line' id='line_1_3' title="bbox 152 882 1764 982; baseline 0.002 -23"><span class='ocrx_word' id='word_1_12' title='bbox 152 911 310 976; x_wconf 89' lang='lat' dir='ltr'><strong><em>omnem,</em></strong></span> <span class='ocrx_word' id='word_1_13' title='bbox 336 908 444 982; x_wconf 87' lang='lat' dir='ltr'><strong><em>qvem</em></strong></span> <span class='ocrx_word' id='word_1_14' title='bbox 466 884 530 952; x_wconf 90' lang='lat' dir='ltr'><strong><em>illi</em></strong></span> <span class='ocrx_word' id='word_1_15' title='bbox 559 882 699 953; x_wconf 84' lang='lat' dir='ltr'><strong><em>obtulit</em></strong></span> <span class='ocrx_word' id='word_1_16' title='bbox 723 885 919 974; x_wconf 80' lang='lat' dir='ltr'><strong><em>honorem,</em></strong></span> <span class='ocrx_word' id='word_1_17' title='bbox 936 885 1096 980; x_wconf 90' lang='lat' dir='ltr'><strong><em>gratias</em></strong></span> <span class='ocrx_word' id='word_1_18' title='bbox 1109 885 1358 979; x_wconf 65' lang='lat' dir='ltr'><strong><em>persolvens,¹</em></strong></span> <span class='ocrx_word' id='word_1_19' title='bbox 1385 895 1514 956; x_wconf 88' lang='lat' dir='ltr'><strong><em>tomen</em></strong></span> <span class='ocrx_word' id='word_1_20' title='bbox 1535 889 1659 959; x_wconf 88' lang='lat' dir='ltr'><strong><em>multo</em></strong></span> <span class='ocrx_word' id='word_1_21' title='bbox 1683 915 1764 964; x_wconf 86' lang='lat' dir='ltr'><strong><em>sese</em></strong></span> 
     </span>
     <span class='ocr_line' id='line_1_4' title="bbox 152 1016 1763 1110; baseline 0.002 -18"><span class='ocrx_word' id='word_1_22' title='bbox 152 1021 274 1094; x_wconf 87' lang='lat' dir='ltr'><strong><em>teneri</em></strong></span> <span class='ocrx_word' id='word_1_23' title='bbox 286 1017 479 1090; x_wconf 87' lang='lat' dir='ltr'><strong><em>desiderio</em></strong></span> <span class='ocrx_word' id='word_1_24' title='bbox 495 1017 551 1084; x_wconf 85' lang='lat' dir='ltr'><strong><em>ad</em></strong></span> <span class='ocrx_word' id='word_1_25' title='bbox 565 1017 788 1086; x_wconf 86' lang='lat' dir='ltr'><strong><em>Islandiam</em></strong></span> <span class='ocrx_word' id='word_1_26' title='bbox 811 1019 1009 1106; x_wconf 86' lang='lat' dir='ltr'><strong><em>redeundi,</em></strong></span> <span class='ocrx_word' id='word_1_27' title='bbox 1031 1019 1064 1086; x_wconf 89' lang='lat' dir='ltr'><strong><em>si</em></strong></span> <span class='ocrx_word' id='word_1_28' title='bbox 1079 1016 1151 1086; x_wconf 83' lang='lat' dir='ltr'><strong><em>ltoc</em></strong></span> <span class='ocrx_word' id='word_1_29' title='bbox 1177 1017 1279 1110; x_wconf 89' lang='lat' dir='ltr'><strong><em>regis</em></strong></span> <span class='ocrx_word' id='word_1_30' title='bbox 1304 1040 1382 1086; x_wconf 92' lang='lat' dir='ltr'><strong><em>non</em></strong></span> <span class='ocrx_word' id='word_1_31' title='bbox 1405 1032 1503 1088; x_wconf 83' lang='lat' dir='ltr'><strong><em>esset</em></strong></span> <span class='ocrx_word' id='word_1_32' title='bbox 1518 1025 1763 1095; x_wconf 86' lang='lat' dir='ltr'><strong><em>eontrarium</em></strong></span> 
     </span>
     <span class='ocr_line' id='line_1_5' title="bbox 150 1129 1761 1236; baseline 0.002 -13"><span class='ocrx_word' id='word_1_33' title='bbox 150 1151 359 1223; x_wconf 89' lang='lat' dir='ltr'><strong><em>voluntati.</em></strong></span> <span class='ocrx_word' id='word_1_34' title='bbox 418 1151 512 1220; x_wconf 84' lang='lat' dir='ltr'><strong><em>Tum</em></strong></span> <span class='ocrx_word' id='word_1_35' title='bbox 527 1172 608 1220; x_wconf 81' lang='lat' dir='ltr'><strong><em>rex:</em></strong></span> <span class='ocrx_word' id='word_1_36' title='bbox 643 1144 754 1217; x_wconf 78' lang='lat' dir='ltr'><strong><em>hanel</em></strong></span> <span class='ocrx_word' id='word_1_37' title='bbox 767 1149 921 1218; x_wconf 80' lang='lat' dir='ltr'><strong><em>miltiin</em></strong></span> <span class='ocrx_word' id='word_1_38' title='bbox 940 1129 1147 1219; x_wconf 81' lang='lat' dir='ltr'><strong><em>ariimoest</em></strong></span> <span class='ocrx_word' id='word_1_39' title='bbox 1168 1160 1296 1236; x_wconf 88' lang='lat' dir='ltr'><strong><em>tuam,</em></strong></span> <span class='ocrx_word' id='word_1_40' title='bbox 1326 1149 1466 1235; x_wconf 90' lang='lat' dir='ltr'><strong><em>Olave,</em></strong></span> <span class='ocrx_word' id='word_1_41' title='bbox 1495 1151 1761 1226; x_wconf 80' lang='lat' dir='ltr'><strong><em>leodereami-</em></strong></span> 
     </span>
     <span class='ocr_line' id='line_1_6' title="bbox 150 1281 1762 1378; baseline 0.003 -24"><span class='ocrx_word' id='word_1_42' title='bbox 150 1286 308 1372; x_wconf 75' lang='lat' dir='ltr'><strong><em>citiam5</em></strong></span> <span class='ocrx_word' id='word_1_43' title='bbox 336 1285 471 1354; x_wconf 86' lang='lat' dir='ltr'><strong><em>redeas</em></strong></span> <span class='ocrx_word' id='word_1_44' title='bbox 490 1307 584 1352; x_wconf 89' lang='lat' dir='ltr'><strong><em>sane</em></strong></span> <span class='ocrx_word' id='word_1_45' title='bbox 601 1282 677 1352; x_wconf 80' lang='lat' dir='ltr'><strong><em>leae</em></strong></span> <span class='ocrx_word' id='word_1_46' title='bbox 695 1293 832 1351; x_wconf 85' lang='lat' dir='ltr'><strong><em>oestate</em></strong></span> <span class='ocrx_word' id='word_1_47' title='bbox 848 1283 903 1350; x_wconf 81' lang='lat' dir='ltr'><strong><em>acl</em></strong></span> <span class='ocrx_word' id='word_1_48' title='bbox 924 1281 1167 1366; x_wconf 84' lang='lat' dir='ltr'><strong><em>Islaneliam,</em></strong></span> <span class='ocrx_word' id='word_1_49' title='bbox 1203 1303 1295 1348; x_wconf 88' lang='lat' dir='ltr'><strong><em>nam</em></strong></span> <span class='ocrx_word' id='word_1_50' title='bbox 1317 1281 1434 1372; x_wconf 75' lang='lat' dir='ltr'><strong><em>liujus</em></strong></span> <span class='ocrx_word' id='word_1_51' title='bbox 1461 1283 1517 1351; x_wconf 91' lang='lat' dir='ltr'><strong><em>rei</em></strong></span> <span class='ocrx_word' id='word_1_52' title='bbox 1542 1288 1762 1378; x_wconf 85' lang='lat' dir='ltr'><strong><em>eupiditate</em></strong></span> 
     </span>
     <span class='ocr_line' id='line_1_7' title="bbox 148 1406 1759 1512; baseline 0.002 -26"><span class='ocrx_word' id='word_1_53' title='bbox 148 1430 187 1488; x_wconf 87' lang='lat' dir='ltr'><strong><em>te</em></strong></span> <span class='ocrx_word' id='word_1_54' title='bbox 204 1417 370 1485; x_wconf 89' lang='lat' dir='ltr'><strong><em>multum</em></strong></span> <span class='ocrx_word' id='word_1_55' title='bbox 391 1413 511 1482; x_wconf 89' lang='lat' dir='ltr'><strong><em>teneri</em></strong></span> <span class='ocrx_word' id='word_1_56' title='bbox 529 1412 739 1506; x_wconf 74' lang='lat' dir='ltr'><strong><em>corriperio‚</em></strong></span> <span class='ocrx_word' id='word_1_57' title='bbox 766 1406 897 1484; x_wconf 78' lang='lat' dir='ltr'><strong><em>verum</em></strong></span> <span class='ocrx_word' id='word_1_58' title='bbox 924 1411 1180 1482; x_wconf 83' lang='lat' dir='ltr'><strong><em>tamen&#39;nulla</em></strong></span> <span class='ocrx_word' id='word_1_59' title='bbox 1200 1412 1358 1504; x_wconf 85' lang='lat' dir='ltr'><strong><em>negotia</em></strong></span> <span class='ocrx_word' id='word_1_60' title='bbox 1381 1425 1454 1482; x_wconf 90' lang='lat' dir='ltr'><strong><em>aut</em></strong></span> <span class='ocrx_word' id='word_1_61' title='bbox 1471 1414 1642 1486; x_wconf 82' lang='lat' dir='ltr'><strong><em>laborem</em></strong></span> <span class='ocrx_word' id='word_1_62' title='bbox 1662 1444 1759 1512; x_wconf 88' lang='lat' dir='ltr'><strong><em>per-</em></strong></span> 
     </span>
     <span class='ocr_line' id='line_1_8' title="bbox 141 1543 1760 1642; baseline 0.001 -23"><span class='ocrx_word' id='word_1_63' title='bbox 141 1551 258 1642; x_wconf 80' lang='lat' dir='ltr'><strong><em>feras</em></strong></span> <span class='ocrx_word' id='word_1_64' title='bbox 277 1550 333 1617; x_wconf 80' lang='lat' dir='ltr'><strong><em>acl</em></strong></span> <span class='ocrx_word' id='word_1_65' title='bbox 353 1558 389 1616; x_wconf 93' lang='lat' dir='ltr'><strong><em>te</em></strong></span> <span class='ocrx_word' id='word_1_66' title='bbox 412 1543 546 1614; x_wconf 90' lang='lat' dir='ltr'><strong><em>itineri</em></strong></span> <span class='ocrx_word' id='word_1_67' title='bbox 558 1548 896 1637; x_wconf 70' lang='lat' dir='ltr'><strong><em>praeparandum,</em></strong></span> <span class='ocrx_word' id='word_1_68' title='bbox 923 1545 1038 1638; x_wconf 69' lang='lat' dir='ltr'><strong><em>ltrq&#39;us</em></strong></span> <span class='ocrx_word' id='word_1_69' title='bbox 1055 1545 1157 1612; x_wconf 88' lang='lat' dir='ltr'><strong><em>enim</em></strong></span> <span class='ocrx_word' id='word_1_70' title='bbox 1175 1545 1233 1612; x_wconf 89' lang='lat' dir='ltr'><strong><em>rei</em></strong></span> <span class='ocrx_word' id='word_1_71' title='bbox 1248 1561 1316 1636; x_wconf 87' lang='lat' dir='ltr'><strong><em>ego</em></strong></span> <span class='ocrx_word' id='word_1_72' title='bbox 1341 1567 1476 1614; x_wconf 84' lang='lat' dir='ltr'><strong><em>curam</em></strong></span> <span class='ocrx_word' id='word_1_73' title='bbox 1503 1572 1657 1641; x_wconf 87' lang='lat' dir='ltr'><strong><em>geram;</em></strong></span> <span class='ocrx_word' id='word_1_74' title='bbox 1701 1552 1760 1622; x_wconf 91' lang='lat' dir='ltr'><strong><em>ita</em></strong></span> 
     </span>
     <span class='ocr_line' id='line_1_9' title="bbox 145 1655 1758 1775; baseline 0 -22"><span class='ocrx_word' id='word_1_75' title='bbox 145 1679 210 1753; x_wconf 77' lang='lat' dir='ltr'><strong><em>liic</em></strong></span> <span class='ocrx_word' id='word_1_76' title='bbox 240 1703 372 1751; x_wconf 90' lang='lat' dir='ltr'><strong><em>eorum</em></strong></span> <span class='ocrx_word' id='word_1_77' title='bbox 404 1702 526 1747; x_wconf 89' lang='lat' dir='ltr'><strong><em>sermo</em></strong></span> <span class='ocrx_word' id='word_1_78' title='bbox 547 1675 713 1768; x_wconf 61' lang='lat' dir='ltr'><strong><em>finitus</em></strong></span> <span class='ocrx_word' id='word_1_79' title='bbox 769 1655 855 1750; x_wconf 61' lang='lat' dir='ltr'><strong><em>lien</em></strong></span> <span class='ocrx_word' id='word_1_80' title='bbox 873 1678 1086 1747; x_wconf 69' lang='lat' dir='ltr'><strong><em>Heauldus</em></strong></span> <span class='ocrx_word' id='word_1_81' title='bbox 1115 1700 1201 1747; x_wconf 91' lang='lat' dir='ltr'><strong><em>vere</em></strong></span> <span class='ocrx_word' id='word_1_82' title='bbox 1226 1669 1360 1748; x_wconf 86' lang='lat' dir='ltr'><strong><em>navim</em></strong></span> <span class='ocrx_word' id='word_1_83' title='bbox 1382 1679 1567 1748; x_wconf 80' lang='lat' dir='ltr'><strong><em>deducere</em></strong></span> <span class='ocrx_word' id='word_1_84' title='bbox 1579 1681 1758 1775; x_wconf 78' lang='lat' dir='ltr'><strong><em>jubebat,</em></strong></span> 
     </span>
     <span class='ocr_line' id='line_1_10' title="bbox 146 1810 1760 1903; baseline 0.002 -21"><span class='ocrx_word' id='word_1_85' title='bbox 146 1814 222 1883; x_wconf 88' lang='lat' dir='ltr'><strong><em>illa</em></strong></span> <span class='ocrx_word' id='word_1_86' title='bbox 240 1825 327 1883; x_wconf 90' lang='lat' dir='ltr'><strong><em>erat</em></strong></span> <span class='ocrx_word' id='word_1_87' title='bbox 342 1811 458 1880; x_wconf 89' lang='lat' dir='ltr'><strong><em>novis</em></strong></span> <span class='ocrx_word' id='word_1_88' title='bbox 475 1811 724 1894; x_wconf 83' lang='lat' dir='ltr'><strong><em>mercatoria,</em></strong></span> <span class='ocrx_word' id='word_1_89' title='bbox 740 1811 1012 1903; x_wconf 77' lang='lat' dir='ltr'><strong><em>magnitudine</em></strong></span> <span class='ocrx_word' id='word_1_90' title='bbox 1032 1810 1243 1901; x_wconf 86' lang='lat' dir='ltr'><strong><em>conspicua</em></strong></span> <span class='ocrx_word' id='word_1_91' title='bbox 1260 1821 1375 1901; x_wconf 80' lang='lat' dir='ltr'><strong><em>atqve</em></strong></span> <span class='ocrx_word' id='word_1_92' title='bbox 1388 1823 1604 1903; x_wconf 76' lang='lat' dir='ltr'><strong><em>praetores.</em></strong></span> <span class='ocrx_word' id='word_1_93' title='bbox 1639 1815 1760 1888; x_wconf 86' lang='lat' dir='ltr'><strong><em>Hane</em></strong></span> 
     </span>
     <span class='ocr_line' id='line_1_11' title="bbox 145 1929 1755 2038; baseline 0 -22"><span class='ocrx_word' id='word_1_94' title='bbox 145 1945 281 2018; x_wconf 85' lang='lat' dir='ltr'><strong><em>navim</em></strong></span> <span class='ocrx_word' id='word_1_95' title='bbox 313 1943 433 2038; x_wconf 87' lang='lat' dir='ltr'><strong><em>lignis</em></strong></span> <span class='ocrx_word' id='word_1_96' title='bbox 461 1945 702 2012; x_wconf 81' lang='lat' dir='ltr'><strong><em>onerandam</em></strong></span> <span class='ocrx_word' id='word_1_97' title='bbox 743 1941 987 2038; x_wconf 83' lang='lat' dir='ltr'><strong><em>omnibusqve</em></strong></span> <span class='ocrx_word' id='word_1_98' title='bbox 1020 1929 1250 2012; x_wconf 85' lang='lat' dir='ltr'><strong><em>necessariis</em></strong></span> <span class='ocrx_word' id='word_1_99' title='bbox 1283 1941 1554 2012; x_wconf 81' lang='lat' dir='ltr'><strong><em>instruendam</em></strong></span> <span class='ocrx_word' id='word_1_100' title='bbox 1590 1948 1755 2016; x_wconf 79' lang='lat' dir='ltr'><strong><em>czeravit.</em></strong></span> 
     </span>
     <span class='ocr_line' id='line_1_12' title="bbox 144 2071 1758 2181; baseline -0.001 -31"><span class='ocrx_word' id='word_1_101' title='bbox 144 2077 255 2150; x_wconf 90' lang='lat' dir='ltr'><strong><em>Navi</em></strong></span> <span class='ocrx_word' id='word_1_102' title='bbox 269 2086 575 2169; x_wconf 81' lang='lat' dir='ltr'><strong><em>autemparata,</em></strong></span> <span class='ocrx_word' id='word_1_103' title='bbox 601 2095 668 2145; x_wconf 79' lang='lat' dir='ltr'><strong><em>rex</em></strong></span> <span class='ocrx_word' id='word_1_104' title='bbox 680 2075 854 2169; x_wconf 22' lang='lat' dir='ltr'><strong><em>&#39;Olavum</em></strong></span> <span class='ocrx_word' id='word_1_105' title='bbox 873 2075 928 2142; x_wconf 77' lang='lat' dir='ltr'><strong><em>acl</em></strong></span> <span class='ocrx_word' id='word_1_106' title='bbox 943 2098 981 2142; x_wconf 91' lang='lat' dir='ltr'><strong><em>se</em></strong></span> <span class='ocrx_word' id='word_1_107' title='bbox 997 2073 1130 2143; x_wconf 88' lang='lat' dir='ltr'><strong><em>vocari</em></strong></span> <span class='ocrx_word' id='word_1_108' title='bbox 1136 2071 1312 2168; x_wconf 81' lang='lat' dir='ltr'><strong><em>jubebat,</em></strong></span> <span class='ocrx_word' id='word_1_109' title='bbox 1339 2085 1454 2168; x_wconf 82' lang='lat' dir='ltr'><strong><em>atqve</em></strong></span> <span class='ocrx_word' id='word_1_110' title='bbox 1469 2076 1527 2181; x_wconf 86' lang='lat' dir='ltr'><strong><em>ita¹</em></strong></span> <span class='ocrx_word' id='word_1_111' title='bbox 1546 2101 1631 2145; x_wconf 90' lang='lat' dir='ltr'><strong><em>eum</em></strong></span> <span class='ocrx_word' id='word_1_112' title='bbox 1649 2079 1758 2148; x_wconf 88' lang='lat' dir='ltr'><strong><em>ollo-</em></strong></span> 
     </span>
     <span class='ocr_line' id='line_1_13' title="bbox 144 2205 1757 2307; baseline -0.001 -27"><span class='ocrx_word' id='word_1_113' title='bbox 144 2209 344 2307; x_wconf 85' lang='lat' dir='ltr'><strong><em>qvebatur.</em></strong></span> <span class='ocrx_word' id='word_1_114' title='bbox 396 2209 595 2290; x_wconf 78' lang='lat' dir='ltr'><strong><em>Hoectua,</em></strong></span> <span class='ocrx_word' id='word_1_115' title='bbox 626 2207 765 2294; x_wconf 90' lang='lat' dir='ltr'><strong><em>Olave,</em></strong></span> <span class='ocrx_word' id='word_1_116' title='bbox 793 2207 1019 2296; x_wconf 88' lang='lat' dir='ltr'><strong><em>eritnavis;</em></strong></span> <span class='ocrx_word' id='word_1_117' title='bbox 1057 2205 1252 2275; x_wconf 85' lang='lat' dir='ltr'><strong><em>nonenim</em></strong></span> <span class='ocrx_word' id='word_1_118' title='bbox 1272 2206 1428 2299; x_wconf 88' lang='lat' dir='ltr'><strong><em>placet,</em></strong></span> <span class='ocrx_word' id='word_1_119' title='bbox 1464 2218 1501 2277; x_wconf 89' lang='lat' dir='ltr'><strong><em>te</em></strong></span> <span class='ocrx_word' id='word_1_120' title='bbox 1525 2206 1757 2306; x_wconf 65' lang='lat' dir='ltr'><strong><em>nctcaestute</em></strong></span> 
     </span>
     <span class='ocr_line' id='line_1_14' title="bbox 142 2319 1755 2444; baseline -0.001 -34"><span class='ocrx_word' id='word_1_121' title='bbox 142 2343 200 2412; x_wconf 92' lang='lat' dir='ltr'><strong><em>ita</em></strong></span> <span class='ocrx_word' id='word_1_122' title='bbox 218 2327 460 2434; x_wconf 66' lang='lat' dir='ltr'><strong><em>e‘Noroagta</em></strong></span> <span class='ocrx_word' id='word_1_123' title='bbox 475 2339 683 2444; x_wconf 81' lang='lat' dir='ltr'><strong><em>proficisci,</em></strong></span> <span class='ocrx_word' id='word_1_124' title='bbox 709 2351 754 2408; x_wconf 88' lang='lat' dir='ltr'><strong><em>ut</em></strong></span> <span class='ocrx_word' id='word_1_125' title='bbox 772 2363 869 2432; x_wconf 87' lang='lat' dir='ltr'><strong><em>opus</em></strong></span> <span class='ocrx_word' id='word_1_126' title='bbox 896 2340 967 2410; x_wconf 79' lang='lat' dir='ltr'><strong><em>tibi</em></strong></span> <span class='ocrx_word' id='word_1_127' title='bbox 983 2340 1036 2410; x_wconf 91' lang='lat' dir='ltr'><strong><em>sit</em></strong></span> <span class='ocrx_word' id='word_1_128' title='bbox 1050 2340 1221 2408; x_wconf 90' lang='lat' dir='ltr'><strong><em>aliorum</em></strong></span> <span class='ocrx_word' id='word_1_129' title='bbox 1244 2337 1304 2405; x_wconf 89' lang='lat' dir='ltr'><strong><em>uti</em></strong></span> <span class='ocrx_word' id='word_1_130' title='bbox 1323 2319 1552 2408; x_wconf 50' lang='lat' dir='ltr'><strong><em>commeatui</em></strong></span> <span class='ocrx_word' id='word_1_131' title='bbox 1606 2343 1755 2412; x_wconf 91' lang='lat' dir='ltr'><strong><em>Olavus</em></strong></span> 
     </span>
     <span class='ocr_line' id='line_1_15' title="bbox 140 2467 1754 2569; baseline -0.002 -24"><span class='ocrx_word' id='word_1_132' title='bbox 140 2475 226 2569; x_wconf 87' lang='lat' dir='ltr'><strong><em>regi</em></strong></span> <span class='ocrx_word' id='word_1_133' title='bbox 243 2473 288 2543; x_wconf 88' lang='lat' dir='ltr'><strong><em>ob</em></strong></span> <span class='ocrx_word' id='word_1_134' title='bbox 311 2473 521 2544; x_wconf 76' lang='lat' dir='ltr'><strong><em>hanovere</em></strong></span> <span class='ocrx_word' id='word_1_135' title='bbox 543 2471 714 2566; x_wconf 79' lang='lat' dir='ltr'><strong><em>regalem</em></strong></span> <span class='ocrx_word' id='word_1_136' title='bbox 737 2472 1041 2565; x_wconf 84' lang='lat' dir='ltr'><strong><em>munificentiam</em></strong></span> <span class='ocrx_word' id='word_1_137' title='bbox 1063 2473 1188 2541; x_wconf 91' lang='lat' dir='ltr'><strong><em>multa</em></strong></span> <span class='ocrx_word' id='word_1_138' title='bbox 1218 2493 1304 2539; x_wconf 88' lang='lat' dir='ltr'><strong><em>oum</em></strong></span> <span class='ocrx_word' id='word_1_139' title='bbox 1329 2467 1532 2542; x_wconf 81' lang='lat' dir='ltr'><strong><em>verborum</em></strong></span> <span class='ocrx_word' id='word_1_140' title='bbox 1555 2473 1754 2565; x_wconf 77' lang='lat' dir='ltr'><strong><em>elegantia</em></strong></span> 
     </span>
     <span class='ocr_line' id='line_1_16' title="bbox 139 2603 1755 2701; baseline -0.001 -25"><span class='ocrx_word' id='word_1_141' title='bbox 139 2605 405 2701; x_wconf 72' lang='lat' dir='ltr'><strong><em>egitgratias</em></strong></span> <span class='ocrx_word' id='word_1_142' title='bbox 456 2608 600 2676; x_wconf 88' lang='lat' dir='ltr'><strong><em>Postea</em></strong></span> <span class='ocrx_word' id='word_1_143' title='bbox 621 2605 770 2676; x_wconf 90' lang='lat' dir='ltr'><strong><em>Olavus</em></strong></span> <span class='ocrx_word' id='word_1_144' title='bbox 794 2629 832 2674; x_wconf 89' lang='lat' dir='ltr'><strong><em>se</em></strong></span> <span class='ocrx_word' id='word_1_145' title='bbox 856 2607 911 2674; x_wconf 88' lang='lat' dir='ltr'><strong><em>od</em></strong></span> <span class='ocrx_word' id='word_1_146' title='bbox 936 2607 1011 2675; x_wconf 89' lang='lat' dir='ltr'><strong><em>iter</em></strong></span> <span class='ocrx_word' id='word_1_147' title='bbox 1034 2603 1309 2698; x_wconf 81' lang='lat' dir='ltr'><strong><em>praeparavit,</em></strong></span> <span class='ocrx_word' id='word_1_148' title='bbox 1353 2627 1425 2697; x_wconf 85' lang='lat' dir='ltr'><strong><em>qvo</em></strong></span> <span class='ocrx_word' id='word_1_149' title='bbox 1442 2603 1579 2694; x_wconf 86' lang='lat' dir='ltr'><strong><em>sacto,</em></strong></span> <span class='ocrx_word' id='word_1_150' title='bbox 1618 2610 1755 2674; x_wconf 84' lang='lat' dir='ltr'><strong><em>statim</em></strong></span> 
     </span>
     <span class='ocr_line' id='line_1_17' title="bbox 137 2719 1754 2828; baseline -0.003 -18"><span class='ocrx_word' id='word_1_151' title='bbox 137 2741 413 2810; x_wconf 83' lang='lat' dir='ltr'><strong><em>aaseoundum</em></strong></span> <span class='ocrx_word' id='word_1_152' title='bbox 441 2749 596 2810; x_wconf 87' lang='lat' dir='ltr'><strong><em>ventum</em></strong></span> <span class='ocrx_word' id='word_1_153' title='bbox 613 2750 751 2808; x_wconf 85' lang='lat' dir='ltr'><strong><em>noetus</em></strong></span> <span class='ocrx_word' id='word_1_154' title='bbox 772 2749 847 2822; x_wconf 86' lang='lat' dir='ltr'><strong><em>est,</em></strong></span> <span class='ocrx_word' id='word_1_155' title='bbox 883 2737 971 2807; x_wconf 83' lang='lat' dir='ltr'><strong><em>vela</em></strong></span> <span class='ocrx_word' id='word_1_156' title='bbox 991 2737 1099 2807; x_wconf 83' lang='lat' dir='ltr'><strong><em>dedit</em></strong></span> <span class='ocrx_word' id='word_1_157' title='bbox 1121 2737 1162 2804; x_wconf 92' lang='lat' dir='ltr'><strong><em>in</em></strong></span> <span class='ocrx_word' id='word_1_158' title='bbox 1188 2736 1335 2820; x_wconf 88' lang='lat' dir='ltr'><strong><em>altum,</em></strong></span> <span class='ocrx_word' id='word_1_159' title='bbox 1376 2733 1425 2804; x_wconf 81' lang='lat' dir='ltr'><strong><em>ab</em></strong></span> <span class='ocrx_word' id='word_1_160' title='bbox 1453 2719 1541 2828; x_wconf 80' lang='lat' dir='ltr'><strong><em>rege</em></strong></span> <span class='ocrx_word' id='word_1_161' title='bbox 1564 2737 1754 2806; x_wconf 77' lang='lat' dir='ltr'><strong><em>Haralclo</em></strong></span> 
     </span>
     <span class='ocr_line' id='line_1_18' title="bbox 137 2867 1753 2955; baseline -0.001 -13"><span class='ocrx_word' id='word_1_162' title='bbox 137 2895 226 2942; x_wconf 85' lang='lat' dir='ltr'><strong><em>aum</em></strong></span> <span class='ocrx_word' id='word_1_163' title='bbox 246 2869 385 2938; x_wconf 91' lang='lat' dir='ltr'><strong><em>intimo</em></strong></span> <span class='ocrx_word' id='word_1_164' title='bbox 403 2869 513 2938; x_wconf 87' lang='lat' dir='ltr'><strong><em>illius</em></strong></span> <span class='ocrx_word' id='word_1_165' title='bbox 532 2892 665 2938; x_wconf 89' lang='lat' dir='ltr'><strong><em>amore</em></strong></span> <span class='ocrx_word' id='word_1_166' title='bbox 677 2869 886 2938; x_wconf 84' lang='lat' dir='ltr'><strong><em>discedens.</em></strong></span> <span class='ocrx_word' id='word_1_167' title='bbox 923 2867 985 2936; x_wconf 87' lang='lat' dir='ltr'><strong><em>Ea</em></strong></span> <span class='ocrx_word' id='word_1_168' title='bbox 1006 2869 1314 2955; x_wconf 77' lang='lat' dir='ltr'><strong><em>oestateOluvus,</em></strong></span> <span class='ocrx_word' id='word_1_169' title='bbox 1331 2869 1496 2938; x_wconf 84' lang='lat' dir='ltr'><strong><em>secundo</em></strong></span> <span class='ocrx_word' id='word_1_170' title='bbox 1516 2893 1609 2939; x_wconf 83' lang='lat' dir='ltr'><strong><em>usus</em></strong></span> <span class='ocrx_word' id='word_1_171' title='bbox 1629 2882 1753 2954; x_wconf 88' lang='lat' dir='ltr'><strong><em>venta,</em></strong></span> 
     </span>
     <span class='ocr_line' id='line_1_19' title="bbox 136 2999 1755 3105; baseline -0.001 -32"><span class='ocrx_word' id='word_1_172' title='bbox 136 3001 277 3077; x_wconf 87' lang='lat' dir='ltr'><strong><em>navim</em></strong></span> <span class='ocrx_word' id='word_1_173' title='bbox 291 3000 496 3105; x_wconf 80' lang='lat' dir='ltr'><strong><em>Bordeiree</em></strong></span> <span class='ocrx_word' id='word_1_174' title='bbox 515 3001 555 3067; x_wconf 92' lang='lat' dir='ltr'><strong><em>in</em></strong></span> <span class='ocrx_word' id='word_1_175' title='bbox 563 2999 832 3091; x_wconf 76' lang='lat' dir='ltr'><strong><em>Hrutafjiirdo</em></strong></span> <span class='ocrx_word' id='word_1_176' title='bbox 846 2999 1019 3090; x_wconf 76' lang='lat' dir='ltr'><strong><em>appulit.</em></strong></span> <span class='ocrx_word' id='word_1_177' title='bbox 1074 3000 1247 3068; x_wconf 79' lang='lat' dir='ltr'><strong><em>Nuntius</em></strong></span> <span class='ocrx_word' id='word_1_178' title='bbox 1266 3001 1312 3068; x_wconf 81' lang='lat' dir='ltr'><strong><em>cle</em></strong></span> <span class='ocrx_word' id='word_1_179' title='bbox 1322 3001 1493 3072; x_wconf 84' lang='lat' dir='ltr'><strong><em>adventu</em></strong></span> <span class='ocrx_word' id='word_1_180' title='bbox 1508 3002 1624 3097; x_wconf 80' lang='lat' dir='ltr'><strong><em>leujzcs</em></strong></span> <span class='ocrx_word' id='word_1_181' title='bbox 1640 3003 1755 3074; x_wconf 84' lang='lat' dir='ltr'><strong><em>navis</em></strong></span> 
     </span>
     <span class='ocr_line' id='line_1_20' title="bbox 137 3101 1755 3223; baseline -0.003 -18"><span class='ocrx_word' id='word_1_182' title='bbox 137 3133 277 3208; x_wconf 87' lang='lat' dir='ltr'><strong><em>statim</em></strong></span> <span class='ocrx_word' id='word_1_183' title='bbox 296 3129 538 3223; x_wconf 78' lang='lat' dir='ltr'><strong><em>divulgatus,</em></strong></span> <span class='ocrx_word' id='word_1_184' title='bbox 561 3141 675 3222; x_wconf 82' lang='lat' dir='ltr'><strong><em>atqve</em></strong></span> <span class='ocrx_word' id='word_1_185' title='bbox 694 3127 893 3220; x_wconf 69' lang='lat' dir='ltr'><strong><em>simulavi</em></strong></span> <span class='ocrx_word' id='word_1_186' title='bbox 909 3128 1077 3220; x_wconf 88' lang='lat' dir='ltr'><strong><em>ejusdem</em></strong></span> <span class='ocrx_word' id='word_1_187' title='bbox 1099 3140 1196 3195; x_wconf 90' lang='lat' dir='ltr'><strong><em>esset</em></strong></span> <span class='ocrx_word' id='word_1_188' title='bbox 1214 3127 1466 3220; x_wconf 84' lang='lat' dir='ltr'><strong><em>gubernator.</em></strong></span> <span class='ocrx_word' id='word_1_189' title='bbox 1525 3101 1755 3201; x_wconf 77' lang='lat' dir='ltr'><strong><em>Hliskulclus</em></strong></span> 
     </span>
     <span class='ocr_line' id='line_1_21' title="bbox 129 3257 1755 3360; baseline -0.002 -25"><span class='ocrx_word' id='word_1_190' title='bbox 129 3267 213 3360; x_wconf 81' lang='lat' dir='ltr'><strong><em>filii</em></strong></span> <span class='ocrx_word' id='word_1_191' title='bbox 235 3261 354 3335; x_wconf 89' lang='lat' dir='ltr'><strong><em>Olavi</em></strong></span> <span class='ocrx_word' id='word_1_192' title='bbox 368 3260 497 3330; x_wconf 87' lang='lat' dir='ltr'><strong><em>reditu</em></strong></span> <span class='ocrx_word' id='word_1_193' title='bbox 513 3262 678 3330; x_wconf 88' lang='lat' dir='ltr'><strong><em>multum</em></strong></span> <span class='ocrx_word' id='word_1_194' title='bbox 699 3261 859 3328; x_wconf 73' lang='lat' dir='ltr'><strong><em>laetatus</em></strong></span> <span class='ocrx_word' id='word_1_195' title='bbox 882 3271 998 3350; x_wconf 78' lang='lat' dir='ltr'><strong><em>atqve</em></strong></span> <span class='ocrx_word' id='word_1_196' title='bbox 1023 3257 1270 3327; x_wconf 77' lang='lat' dir='ltr'><strong><em>exhilaratus</em></strong></span> <span class='ocrx_word' id='word_1_197' title='bbox 1294 3259 1403 3328; x_wconf 88' lang='lat' dir='ltr'><strong><em>illico</em></strong></span> <span class='ocrx_word' id='word_1_198' title='bbox 1429 3285 1515 3330; x_wconf 78' lang='lat' dir='ltr'><strong><em>curu</em></strong></span> <span class='ocrx_word' id='word_1_199' title='bbox 1531 3265 1676 3354; x_wconf 86' lang='lat' dir='ltr'><strong><em>paucis</em></strong></span> <span class='ocrx_word' id='word_1_200' title='bbox 1699 3263 1755 3331; x_wconf 78' lang='lat' dir='ltr'><strong><em>ael</em></strong></span> 
     </span>
     <span class='ocr_line' id='line_1_22' title="bbox 138 3374 1753 3490; baseline -0.003 -21"><span class='ocrx_word' id='word_1_201' title='bbox 138 3374 449 3488; x_wconf 74' lang='lat' dir='ltr'><strong><em>Hrntufjiirclum</em></strong></span> <span class='ocrx_word' id='word_1_202' title='bbox 467 3416 560 3486; x_wconf 81' lang='lat' dir='ltr'><strong><em>eqvo</em></strong></span> <span class='ocrx_word' id='word_1_203' title='bbox 578 3391 755 3479; x_wconf 76' lang='lat' dir='ltr'><strong><em>vellitur5</em></strong></span> <span class='ocrx_word' id='word_1_204' title='bbox 775 3387 828 3458; x_wconf 87' lang='lat' dir='ltr'><strong><em>ibi</em></strong></span> <span class='ocrx_word' id='word_1_205' title='bbox 843 3389 977 3482; x_wconf 87' lang='lat' dir='ltr'><strong><em>putris</em></strong></span> <span class='ocrx_word' id='word_1_206' title='bbox 994 3399 1108 3482; x_wconf 85' lang='lat' dir='ltr'><strong><em>atqve</em></strong></span> <span class='ocrx_word' id='word_1_207' title='bbox 1112 3387 1191 3480; x_wconf 83' lang='lat' dir='ltr'><strong><em>filii</em></strong></span> <span class='ocrx_word' id='word_1_208' title='bbox 1215 3391 1330 3459; x_wconf 83' lang='lat' dir='ltr'><strong><em>laetus</em></strong></span> <span class='ocrx_word' id='word_1_209' title='bbox 1346 3414 1583 3486; x_wconf 86' lang='lat' dir='ltr'><strong><em>congressus,</em></strong></span> <span class='ocrx_word' id='word_1_210' title='bbox 1601 3407 1753 3490; x_wconf 85' lang='lat' dir='ltr'><strong><em>tumqve</em></strong></span> 
     </span>
     <span class='ocr_line' id='line_1_23' title="bbox 137 3505 1753 3615; baseline -0.002 -15"><span class='ocrx_word' id='word_1_211' title='bbox 137 3505 368 3600; x_wconf 80' lang='lat' dir='ltr'><strong><em>Hiiskulclus</em></strong></span> <span class='ocrx_word' id='word_1_212' title='bbox 412 3511 581 3595; x_wconf 91' lang='lat' dir='ltr'><strong><em>Olavum</em></strong></span> <span class='ocrx_word' id='word_1_213' title='bbox 611 3525 667 3592; x_wconf 84' lang='lat' dir='ltr'><strong><em>acl</em></strong></span> <span class='ocrx_word' id='word_1_214' title='bbox 700 3546 739 3592; x_wconf 87' lang='lat' dir='ltr'><strong><em>se</em></strong></span> <span class='ocrx_word' id='word_1_215' title='bbox 768 3521 984 3606; x_wconf 76' lang='lat' dir='ltr'><strong><em>invitavit,¹</em></strong></span> <span class='ocrx_word' id='word_1_216' title='bbox 1018 3521 1083 3590; x_wconf 77' lang='lat' dir='ltr'><strong><em>liic</em></strong></span> <span class='ocrx_word' id='word_1_217' title='bbox 1113 3533 1366 3615; x_wconf 86' lang='lat' dir='ltr'><strong><em>accepturum</em></strong></span> <span class='ocrx_word' id='word_1_218' title='bbox 1401 3547 1440 3596; x_wconf 91' lang='lat' dir='ltr'><strong><em>se</em></strong></span> <span class='ocrx_word' id='word_1_219' title='bbox 1479 3527 1753 3597; x_wconf 85' lang='lat' dir='ltr'><strong><em>invitationem</em></strong></span> 
     </span>
     <span class='ocr_line' id='line_1_24' title="bbox 136 3651 1754 3754; baseline -0.002 -24"><span class='ocrx_word' id='word_1_220' title='bbox 136 3659 362 3754; x_wconf 83' lang='lat' dir='ltr'><strong><em>affirmavit.</em></strong></span> <span class='ocrx_word' id='word_1_221' title='bbox 426 3658 574 3728; x_wconf 84' lang='lat' dir='ltr'><strong><em>Olavus</em></strong></span> <span class='ocrx_word' id='word_1_222' title='bbox 596 3655 729 3726; x_wconf 85' lang='lat' dir='ltr'><strong><em>navim</em></strong></span> <span class='ocrx_word' id='word_1_223' title='bbox 751 3651 946 3742; x_wconf 77' lang='lat' dir='ltr'><strong><em>subduxit,</em></strong></span> <span class='ocrx_word' id='word_1_224' title='bbox 980 3677 1122 3724; x_wconf 86' lang='lat' dir='ltr'><strong><em>merces</em></strong></span> <span class='ocrx_word' id='word_1_225' title='bbox 1153 3677 1173 3722; x_wconf 92' lang='lat' dir='ltr'><strong><em>e</em></strong></span> <span class='ocrx_word' id='word_1_226' title='bbox 1206 3651 1356 3725; x_wconf 82' lang='lat' dir='ltr'><strong><em>boreali</em></strong></span> <span class='ocrx_word' id='word_1_227' title='bbox 1379 3653 1535 3752; x_wconf 83' lang='lat' dir='ltr'><strong><em>regione</em></strong></span> <span class='ocrx_word' id='word_1_228' title='bbox 1560 3662 1754 3753; x_wconf 83' lang='lat' dir='ltr'><strong><em>deporta-</em></strong></span> 
     </span>
     <span class='ocr_line' id='line_1_25' title="bbox 137 3786 1751 3888; baseline -0.001 -29"><span class='ocrx_word' id='word_1_229' title='bbox 137 3791 304 3875; x_wconf 79' lang='lat' dir='ltr'><strong><em>bantur,</em></strong></span> <span class='ocrx_word' id='word_1_230' title='bbox 331 3816 402 3884; x_wconf 86' lang='lat' dir='ltr'><strong><em>qvo</em></strong></span> <span class='ocrx_word' id='word_1_231' title='bbox 411 3791 527 3882; x_wconf 86' lang='lat' dir='ltr'><strong><em>facto</em></strong></span> <span class='ocrx_word' id='word_1_232' title='bbox 548 3789 697 3860; x_wconf 89' lang='lat' dir='ltr'><strong><em>Oluvus</em></strong></span> <span class='ocrx_word' id='word_1_233' title='bbox 729 3811 814 3858; x_wconf 90' lang='lat' dir='ltr'><strong><em>cum</em></strong></span> <span class='ocrx_word' id='word_1_234' title='bbox 829 3787 895 3857; x_wconf 92' lang='lat' dir='ltr'><strong><em>XI</em></strong></span> <span class='ocrx_word' id='word_1_235' title='bbox 910 3786 964 3855; x_wconf 87' lang='lat' dir='ltr'><strong><em>acl</em></strong></span> <span class='ocrx_word' id='word_1_236' title='bbox 985 3786 1282 3864; x_wconf 80' lang='lat' dir='ltr'><strong><em>meridionalem</em></strong></span> <span class='ocrx_word' id='word_1_237' title='bbox 1299 3802 1460 3882; x_wconf 85' lang='lat' dir='ltr'><strong><em>partem</em></strong></span> <span class='ocrx_word' id='word_1_238' title='bbox 1482 3793 1751 3888; x_wconf 78' lang='lat' dir='ltr'><strong><em>proficiscitur</em></strong></span> 
     </span>
     <span class='ocr_line' id='line_1_26' title="bbox 136 3916 1754 4026; baseline -0.001 -34"><span class='ocrx_word' id='word_1_239' title='bbox 136 3935 256 4018; x_wconf 83' lang='lat' dir='ltr'><strong><em>atqve</em></strong></span> <span class='ocrx_word' id='word_1_240' title='bbox 269 3921 586 4026; x_wconf 55' lang='lat' dir='ltr'><strong><em>Iliskuldstados</em></strong></span> <span class='ocrx_word' id='word_1_241' title='bbox 600 3919 794 4014; x_wconf 82' lang='lat' dir='ltr'><strong><em>pervenit.</em></strong></span> <span class='ocrx_word' id='word_1_242' title='bbox 845 3916 1216 4020; x_wconf 74' lang='lat' dir='ltr'><strong><em>Hoskuldusfilium</em></strong></span> <span class='ocrx_word' id='word_1_243' title='bbox 1239 3919 1398 4017; x_wconf 78' lang='lat' dir='ltr'><strong><em>henigne</em></strong></span> <span class='ocrx_word' id='word_1_244' title='bbox 1417 3927 1587 4019; x_wconf 84' lang='lat' dir='ltr'><strong><em>excepit,</em></strong></span> <span class='ocrx_word' id='word_1_245' title='bbox 1621 3925 1754 4005; x_wconf 66' lang='lat' dir='ltr'><strong><em>amica,</em></strong></span> 
     </span>
     <span class='ocr_line' id='line_1_27' title="bbox 136 4036 1855 4156; baseline 0.001 -35"><span class='ocrx_word' id='word_1_246' title='bbox 136 4077 281 4148; x_wconf 79' lang='lat' dir='ltr'><strong><em>qvoqve</em></strong></span> <span class='ocrx_word' id='word_1_247' title='bbox 293 4053 472 4142; x_wconf 79' lang='lat' dir='ltr'><strong><em>fratrum</em></strong></span> <span class='ocrx_word' id='word_1_248' title='bbox 489 4055 728 4146; x_wconf 72' lang='lat' dir='ltr'><strong><em>omniumque</em></strong></span> <span class='ocrx_word' id='word_1_249' title='bbox 745 4036 1060 4156; x_wconf 84' lang='lat' dir='ltr'><strong><em>propinqvorum</em></strong></span> <span class='ocrx_word' id='word_1_250' title='bbox 1085 4038 1278 4143; x_wconf 77' lang='lat' dir='ltr'><strong><em>eviceptio,</em></strong></span> <span class='ocrx_word' id='word_1_251' title='bbox 1314 4067 1443 4125; x_wconf 83' lang='lat' dir='ltr'><strong><em>tomen</em></strong></span> <span class='ocrx_word' id='word_1_252' title='bbox 1460 4057 1641 4150; x_wconf 88' lang='lat' dir='ltr'><strong><em>plurima</em></strong></span> <span class='ocrx_word' id='word_1_253' title='bbox 1665 4078 1751 4125; x_wconf 90' lang='lat' dir='ltr'><strong><em>cum</em></strong></span> <span class='ocrx_word' id='word_1_254' title='bbox 1848 4147 1855 4154; x_wconf 89' lang='lat'><em>.</em></span> 
     </span>
     <span class='ocr_line' id='line_1_28' title="bbox 135 4162 1749 4284; baseline -0.001 -28"><span class='ocrx_word' id='word_1_255' title='bbox 135 4162 274 4256; x_wconf 66' lang='lat' dir='ltr'><strong><em>Bar&#39;clo</em></strong></span> <span class='ocrx_word' id='word_1_256' title='bbox 287 4164 587 4277; x_wconf 55' lang='lat' dir='ltr'><strong><em>&#39;fainiliizrilae</em></strong></span> <span class='ocrx_word' id='word_1_257' title='bbox 608 4173 612 4190; x_wconf 67' lang='lat'>⁸</span> <span class='ocrx_word' id='word_1_258' title='bbox 674 4163 930 4252; x_wconf 54' lang='lat' dir='ltr'><strong><em>O&#39;liivus&#39;&#39;‘leoi</em></strong></span> <span class='ocrx_word' id='word_1_259' title='bbox 947 4163 1101 4249; x_wconf 74' lang='lat' dir='ltr'><strong><em>&#39;itinere</em></strong></span> <span class='ocrx_word' id='word_1_260' title='bbox 1133 4167 1300 4275; x_wconf 79' lang='lat' dir='ltr'><strong><em>insignis</em></strong></span> <span class='ocrx_word' id='word_1_261' title='bbox 1332 4168 1464 4276; x_wconf 55' lang='lat' dir='ltr'><strong><em>¹fleri,v</em></strong></span> <span class='ocrx_word' id='word_1_262' title='bbox 1493 4201 1644 4284; x_wconf 80' lang='lat' dir='ltr'><strong><em>tumque</em></strong></span> <span class='ocrx_word' id='word_1_263' title='bbox 1664 4174 1749 4258; x_wconf 50' lang='lat' dir='ltr'><strong><em>&#39;noe</em></strong></span> 
     </span>
     <span class='ocr_line' id='line_1_29' title="bbox 138 4297 1747 4414; baseline 0.003 -30"><span class='ocrx_word' id='word_1_264' title='bbox 138 4327 217 4386; x_wconf 89' lang='lat' dir='ltr'><strong><em>tum</em></strong></span> <span class='ocrx_word' id='word_1_265' title='bbox 246 4316 335 4407; x_wconf 69' lang='lat' dir='ltr'><strong><em>lieri</em></strong></span> <span class='ocrx_word' id='word_1_266' title='bbox 363 4309 506 4412; x_wconf 62' lang='lat' dir='ltr'><strong><em>gemes]</em></strong></span> <span class='ocrx_word' id='word_1_267' title='bbox 548 4341 632 4385; x_wconf 82' lang='lat' dir='ltr'><strong><em>euru</em></strong></span> <span class='ocrx_word' id='word_1_268' title='bbox 656 4338 791 4406; x_wconf 88' lang='lat' dir='ltr'><strong><em>nempe</em></strong></span> <span class='ocrx_word' id='word_1_269' title='bbox 815 4317 897 4382; x_wconf 74' lang='lat' dir='ltr'><strong><em>else</em></strong></span> <span class='ocrx_word' id='word_1_270' title='bbox 921 4311 1125 4382; x_wconf 76' lang='lat' dir='ltr'><strong><em>Hiberniae</em></strong></span> <span class='ocrx_word' id='word_1_271' title='bbox 1156 4315 1259 4406; x_wconf 83' lang='lat' dir='ltr'><strong><em>regis</em></strong></span> <span class='ocrx_word' id='word_1_272' title='bbox 1285 4315 1581 4413; x_wconf 71' lang='lat' dir='ltr'><strong><em>Myrly&#39;artanis</em></strong></span> <span class='ocrx_word' id='word_1_273' title='bbox 1602 4297 1747 4414; x_wconf 77' lang='lat' dir='ltr'><strong><em>filium,</em></strong></span> 
     </span>
     <span class='ocr_line' id='line_1_30' title="bbox 134 4433 1749 4547; baseline 0.001 -28"><span class='ocrx_word' id='word_1_274' title='bbox 134 4437 261 4519; x_wconf 78' lang='lat' dir='ltr'><strong><em>&amp;lios</em></strong></span> <span class='ocrx_word' id='word_1_275' title='bbox 279 4433 430 4546; x_wconf 65' lang='lat' dir='ltr'><strong><em>dviclem</em></strong></span> <span class='ocrx_word' id='word_1_276' title='bbox 446 4467 522 4545; x_wconf 82' lang='lat' dir='ltr'><strong><em>per</em></strong></span> <span class='ocrx_word' id='word_1_277' title='bbox 541 4461 666 4520; x_wconf 90' lang='lat' dir='ltr'><strong><em>totam</em></strong></span> <span class='ocrx_word' id='word_1_278' title='bbox 680 4445 903 4517; x_wconf 82' lang='lat' dir='ltr'><strong><em>Islundiam</em></strong></span> <span class='ocrx_word' id='word_1_279' title='bbox 920 4445 1134 4540; x_wconf 84' lang='lat' dir='ltr'><strong><em>divulgari,</em></strong></span> <span class='ocrx_word' id='word_1_280' title='bbox 1161 4458 1276 4543; x_wconf 83' lang='lat' dir='ltr'><strong><em>atqve</em></strong></span> <span class='ocrx_word' id='word_1_281' title='bbox 1291 4449 1410 4520; x_wconf 89' lang='lat' dir='ltr'><strong><em>simul</em></strong></span> <span class='ocrx_word' id='word_1_282' title='bbox 1430 4466 1616 4547; x_wconf 82' lang='lat' dir='ltr'><strong><em>qvantum</em></strong></span> <span class='ocrx_word' id='word_1_283' title='bbox 1640 4454 1749 4547; x_wconf 84' lang='lat' dir='ltr'><strong><em>opti.-</em></strong></span> 
     </span>
     <span class='ocr_line' id='line_1_31' title="bbox 135 4577 1748 4680; baseline 0.001 -30"><span class='ocrx_word' id='word_1_284' title='bbox 135 4593 270 4673; x_wconf 87' lang='lat' dir='ltr'><strong><em>mates,</em></strong></span> <span class='ocrx_word' id='word_1_285' title='bbox 297 4609 390 4680; x_wconf 77' lang='lat' dir='ltr'><strong><em>qvos</em></strong></span> <span class='ocrx_word' id='word_1_286' title='bbox 400 4582 627 4657; x_wconf 84' lang='lat' dir='ltr'><strong><em>,convenerit</em></strong></span> <span class='ocrx_word' id='word_1_287' title='bbox 634 4631 647 4669; x_wconf 87' lang='lat'><em>,</em></span> <span class='ocrx_word' id='word_1_288' title='bbox 684 4581 747 4653; x_wconf 88' lang='lat' dir='ltr'><strong><em>illi</em></strong></span> <span class='ocrx_word' id='word_1_289' title='bbox 770 4579 954 4668; x_wconf 76' lang='lat' dir='ltr'><strong><em>leonorerp</em></strong></span> <span class='ocrx_word' id='word_1_290' title='bbox 979 4577 1197 4650; x_wconf 79' lang='lat' dir='ltr'><strong><em>tabuerint.</em></strong></span> <span class='ocrx_word' id='word_1_291' title='bbox 1272 4581 1420 4653; x_wconf 87' lang='lat' dir='ltr'><strong><em>Olavus</em></strong></span> <span class='ocrx_word' id='word_1_292' title='bbox 1449 4588 1598 4658; x_wconf 89' lang='lat' dir='ltr'><strong><em>multos</em></strong></span> <span class='ocrx_word' id='word_1_293' title='bbox 1622 4609 1748 4658; x_wconf 88' lang='lat' dir='ltr'><strong><em>secum</em></strong></span> 
     </span>
     <span class='ocr_line' id='line_1_32' title="bbox 138 4712 1746 4813; baseline 0.001 -31"><span class='ocrx_word' id='word_1_294' title='bbox 138 4717 296 4787; x_wconf 82' lang='lat' dir='ltr'><strong><em>advexit</em></strong></span> <span class='ocrx_word' id='word_1_295' title='bbox 312 4717 528 4813; x_wconf 69' lang='lat' dir='ltr'><strong><em>ope15jam</em></strong></span> <span class='ocrx_word' id='word_1_296' title='bbox 542 4737 631 4788; x_wconf 87' lang='lat' dir='ltr'><strong><em>vero</em></strong></span> <span class='ocrx_word' id='word_1_297' title='bbox 642 4735 719 4808; x_wconf 89' lang='lat' dir='ltr'><strong><em>per</em></strong></span> <span class='ocrx_word' id='word_1_298' title='bbox 735 4712 908 4806; x_wconf 76' lang='lat' dir='ltr'><strong><em>hyemem</em></strong></span> <span class='ocrx_word' id='word_1_299' title='bbox 933 4713 1045 4806; x_wconf 84' lang='lat' dir='ltr'><strong><em>apud</em></strong></span> <span class='ocrx_word' id='word_1_300' title='bbox 1067 4725 1224 4806; x_wconf 88' lang='lat' dir='ltr'><strong><em>patrem</em></strong></span> <span class='ocrx_word' id='word_1_301' title='bbox 1247 4718 1571 4790; x_wconf 83' lang='lat' dir='ltr'><strong><em>commorabatur.</em></strong></span> <span class='ocrx_word' id='word_1_302' title='bbox 1638 4717 1746 4790; x_wconf 84' lang='lat' dir='ltr'><strong><em>Mel-</em></strong></span> 
     </span>
    </p>
   </div>
   <div class='ocr_carea' id='block_1_2' title="bbox 138 4839 1759 4952">
    <p class='ocr_par' dir='ltr' id='par_1_2' title="bbox 138 4839 1759 4952">
     <span class='ocr_line' id='line_1_33' title="bbox 138 4839 1759 4952; baseline -0.003 -34"><span class='ocrx_word' id='word_1_303' title='bbox 138 4849 256 4948; x_wconf 78' lang='lat' dir='ltr'><strong><em>lorka</em></strong></span> <span class='ocrx_word' id='word_1_304' title='bbox 280 4850 414 4942; x_wconf 82' lang='lat' dir='ltr'><strong><em>filium</em></strong></span> <span class='ocrx_word' id='word_1_305' title='bbox 442 4845 824 4952; x_wconf 52' lang='lat' dir='ltr'><strong><em>statimeonoenit„</em></strong></span> <span class='ocrx_word' id='word_1_306' title='bbox 848 4839 885 4916; x_wconf 74' lang='lat'><strong><em>8&lt;</em></strong></span> <span class='ocrx_word' id='word_1_307' title='bbox 916 4843 964 4918; x_wconf 80' lang='lat' dir='ltr'><strong><em>ab</em></strong></span> <span class='ocrx_word' id='word_1_308' title='bbox 992 4846 1117 4920; x_wconf 89' lang='lat' dir='ltr'><strong><em>Olavo</em></strong></span> <span class='ocrx_word' id='word_1_309' title='bbox 1139 4849 1267 4934; x_wconf 42' lang='lat' dir='ltr'><strong><em>,multo</em></strong></span> <span class='ocrx_word' id='word_1_310' title='bbox 1292 4873 1377 4920; x_wconf 91' lang='lat' dir='ltr'><strong><em>cum</em></strong></span> <span class='ocrx_word' id='word_1_311' title='bbox 1401 4875 1532 4924; x_wconf 89' lang='lat' dir='ltr'><strong><em>amore</em></strong></span> <span class='ocrx_word' id='word_1_312' title='bbox 1564 4855 1759 4941; x_wconf 83' lang='lat' dir='ltr'><strong><em>excepta,&#39;</em></strong></span> 
     </span>
    </p>
   </div>
   <div class='ocr_carea' id='block_1_3' title="bbox 0 0 2310 5832">
    <p class='ocr_par' dir='ltr' id='par_1_3' title="bbox 0 0 2310 5832">
     <span class='ocr_line' id='line_1_34' title="bbox 0 0 2310 5832; baseline 0 6"><span class='ocrx_word' id='word_1_313' title='bbox 0 0 2310 5832; x_wconf 95' lang='lat' dir='ltr'><strong><em> </em></strong></span> 
     </span>
    </p>
   </div>
  </div>
 </body>
</html>
