4636 5832
956 461 1016 544 41

878 557 1090 576 w

180 707 236 777 ito
253 718 346 776 octa
367 705 527 794 reniale
547 715 769 788 contentus,
801 701 966 774 multam
992 703 1065 774 sibi
1094 703 1135 774 in
1158 704 1221 774 liis
1245 705 1411 799 negotiis
1430 706 1589 776 illatam
1606 705 1803 800 injuriam

180 837 464 934 indignabatur
473 861 484 930 3
510 837 552 906 in
581 835 722 906 insulis
750 848 878 906 tomen
901 839 1090 907 remansit
1118 837 1161 906 id
1184 863 1279 908 sane
1292 841 1506 922 meditans,
1534 840 1718 934 qoornodo
1738 838 1792 906 il·-

179 973 259 1042 lum
276 973 440 1066 erigeret
453 993 594 1038 uncum
606 968 669 1063 qvi
687 969 785 1038 odeo
806 969 929 1040 invito
940 972 1108 1040 adactus
1119 983 1225 1040 esset.
1278 972 1430 1042 Hullus
1448 985 1578 1042 autem
1592 973 1694 1042 citra
1706 997 1790 1041 om-

178 1129 262 1176 nem
299 1104 398 1174 moli
423 1100 683 1194 suspicionem
716 1101 904 1170 neminem
934 1114 1047 1170 ratus
1075 1113 1133 1170 est
1160 1102 1201 1170 in
1224 1102 1349 1194 ipsius
1381 1106 1580 1176 territorio
1603 1128 1791 1178 ausurum

175 1259 304 1307 secum
325 1233 561 1306 contendere.
616 1231 774 1304 Accidit
793 1233 962 1326 quadarn
978 1233 1050 1319 die,
1070 1257 1155 1302 cum
1172 1235 1310 1302 sudum
1334 1238 1479 1306 coelum
1498 1251 1608 1326 esset,
1625 1239 1790 1306 utI-Ial-

177 1373 240 1441 lus
263 1392 349 1436 curn
376 1363 521 1436 duobus
548 1363 663 1433 sociis
688 1365 728 1432 in
752 1350 910 1456 ncroigio
932 1365 1204 1435 oeliereturad
1214 1367 1497 1458 piscationem,·
1522 1371 1647 1438 multa
1665 1395 1707 1439 eo
1727 1370 1789 1437 die

176 1512 349 1594 captura
358 1523 371 1589 ,·
406 1520 561 1590 vespere
584 1498 793 1568 admodum
818 1497 966 1567 hilares
992 1500 1147 1567 domurn
1175 1497 1413 1592 repetebant.
1478 1499 1687 1590 Thorolfus
1705 1525 1790 1570 om-

175 1609 319 1719 nibus,
340 1653 422 1723 qvae
445 1630 596 1699 Hallus
616 1653 661 1698 ea
677 1628 901 1722 dieogeret,
926 1630 1164 1723 exploratis,
1203 1652 1331 1722 prope
1359 1630 1474 1700 rearis
1506 1631 1714 1700 stationem
1748 1629 1790 1700 in

177 1764 310 1836 littore
338 1761 538 1850 constitit,
578 1784 662 1830 cum
677 1761 830 1829 Hallus
858 1785 1014 1853 vespere
1043 1786 1126 1830 curn
1155 1763 1270 1830 sociis
1298 1763 1353 1830 ad
1384 1776 1529 1832 terrani
1558 1767 1787 1859 appelleret.

174 1895 326 1968 Hallus
363 1893 404 1962 in
439 1917 567 1989 prora
599 1892 807 1988 remigacit
834 1885 919 1992 &e
946 1893 1105 1986 navigio
1141 1893 1343 1987 prosiluit,
1376 1907 1420 1962 ut
1455 1895 1558 1964 illud
1583 1898 1787 1989 exciperet,

175 2029 329 2124 qvando
351 2028 406 2096 ad
431 2037 576 2094 terrani
606 2025 896 2119 appelleretur,·
935 2027 976 2096 in
1001 2037 1147 2095 terrum
1170 2037 1299 2094 autem
1320 2027 1594 2118 egredientem,
1620 2029 1787 2098 adstans

180 2155 386 2252 Tborolsus
409 2157 488 2226 ictu
511 2159 647 2226 statim
663 2158 830 2252 petivit,
863 2159 931 2227 ille
955 2171 1085 2226 antem
1114 2157 1214 2226 ictus
1237 2159 1379 2226 collum
1399 2159 1546 2248 ferivit
1563 2163 1683 2256 juxta
1710 2162 1787 2229 ltu-

173 2317 299 2365 meros
318 2293 376 2362 ito
400 2303 444 2360 ut
460 2305 583 2384 caput
600 2292 828 2380 decideret,
848 2291 906 2360 itu
931 2303 1023 2360 acta
1048 2314 1089 2360 re
1117 2290 1327 2381 leorolfus
1351 2291 1512 2383 aufugit
1519 2317 1533 2383 ,·
1566 2293 1686 2364 Halli
1707 2317 1785 2362 au-

175 2439 250 2498 tem
275 2425 371 2497 socii
400 2425 564 2494 attoniti
584 2423 901 2494 circumstabant.
961 2424 1052 2493 lam
1080 2423 1145 2492 lzic
1174 2424 1335 2492 nuntius
1365 2425 1411 2506 de
1429 2424 1558 2493 Hallo
1580 2426 1785 2516 interfecto

170 2585 244 2656 per
260 2561 412 2629 insulas
429 2560 588 2654 vulgari
603 2571 718 2653 atqve
735 2560 775 2628 in
793 2559 947 2652 magnis
962 2555 1158 2628 eventibus
1174 2555 1331 2642 baberi,
1347 2535 1492 2647 suerdt
1505 2560 1607 2628 enim
1629 2569 1692 2630 etr
1711 2583 1784 2654 ge—

172 2717 262 2764 nere
292 2689 434 2761 nobilis
466 2691 641 2785 qvamvis
657 2693 826 2780 fortuna
848 2691 977 2760 minus
1006 2691 1175 2760 secunda
1201 2714 1304 2760 usus.
1380 2691 1475 2760 Tum
1505 2691 1713 2782 Tborolsus
1739 2717 1786 2794 en
1849 2779 1851 2784 Α
1931 2673 1935 2682 ’

172 2824 314 2896 insulis
334 2822 522 2914 aufugere
545 2823 716 2908 studuit,
762 2824 912 2893 nullius
933 2823 1034 2892 enim
1059 2821 1228 2892 hominis
1250 2821 1304 2890 ibi
1331 2823 1516 2894 notitiam
1532 2824 1692 2912 babuit,
1720 2829 1783 2918 qvi

165 2967 263 3053 post
282 2963 418 3022 tantas
444 2975 505 3020 res
522 2965 656 3043 gestas
679 2953 792 3020 illum
816 2964 1067 3044 protecturus
1088 2965 1203 3036 esset,
1246 2978 1363 3048 neqve
1389 2969 1505 3026 crant
1528 2956 1667 3028 ibidem
1680 2981 1785 3051 pro·

164 3086 328 3185 pinqvi,
370 3083 410 3152 in
438 3081 573 3176 quibus
598 3095 695 3152 esset
715 3083 859 3150 auxilii
882 3105 973 3175 spes
983 3105 997 3170 ,·
1031 3084 1556 3176 aderantautemlzomines,
1580 3090 1782 3186 dequibus

172 3231 317 3292 certum
342 3225 447 3303 erat,
480 3215 581 3310 qood
602 3213 696 3286 ritoe
715 3235 795 3282 suoe
812 3213 979 3282 insidias
994 3223 1205 3300 struerent,
1257 3239 1487 3311 quorumque
1514 3241 1659 3313 magno
1685 3235 1784 3290 esset

170 3349 370 3448 potentia,
423 3345 482 3414 uti
522 3345 732 3439 Ingjoldus
769 3345 1099 3438 Saudeyargodus
1125 3345 1247 3414 Halli
1279 3348 1425 3438 frater.
1505 3351 1714 3444 Tborolsus
1743 3356 1783 3426 in

174 3483 431 3556 continentem
464 3475 620 3545 delatus
651 3478 797 3546 occulte
815 3477 1044 3570 plerumque
1059 3474 1402 3570 proficiscebatur,
1441 3505 1509 3551 nec
1529 3463 1783 3558 memoretunc

172 3631 230 3690 est
246 3612 399 3708 oliqoid
413 3611 460 3678 de
479 3611 560 3702 ejus
583 3607 738 3698 itinere,
765 3622 973 3704 antequam
990 3633 1146 3702 vespere
1170 3611 1372 3706 cujusdam
1400 3613 1477 3682 diei
1506 3618 1786 3692 Gaddastodos

167 3743 401 3846 perveniret.
457 3743 497 3814 V
497 3740 626 3834 igdisa
647 3741 792 3814 Tbordi
808 3743 938 3812 Godcli
952 3766 1050 3812 uxor
1068 3744 1238 3838 quadum
1255 3747 1595 3840 consungoinitate
1613 3753 1676 3822 illi
1696 3721 1784 3825 erut

174 3880 400 3973 conjuncta,
427 3895 511 3944 earn
528 3875 572 3944 ob
590 3899 670 3944 rem
686 3877 741 3945 od
756 3875 870 3947 ltocce
887 3875 1089 3969 praedium
1105 3900 1144 3945 se
1160 3878 1360 3949 convertit.
1412 3877 1503 3950 lom
1519 3897 1638 3954 antea
1664 3890 1785 3958 oudi-

172 4021 261 4083 erat
281 4009 491 4099 Tborolfus
509 4008 693 4102 quomodo
715 4007 854 4076 ibidem
873 4031 952 4076 sese
977 4032 1038 4077 res
1057 4007 1262 4096 baberent,
1297 4013 1398 4104 qood
1416 4013 1455 4084 V
1456 4016 1594 4108 igdisoc
1618 4017 1787 4092 nobilior

174 4147 312 4215 inesset
337 4139 504 4228 indoles,
540 4163 654 4234 qvam
677 4139 832 4210 Tnoruo
857 4137 1138 4210 illiusmarito.
1199 4143 1343 4213 Eodem
1362 4145 1491 4241 itaque
1516 4173 1672 4243 vespere
1694 4167 1783 4225 sta-

174 4278 242 4347 tim
266 4287 382 4368 atqee
408 4261 569 4342 advenit
598 4272 826 4361 Tlsorolsus,
868 4273 1046 4344 convenit
1071 4273 1298 4366 Vigdisom‚
1346 4300 1489 4371 suaque
1514 4279 1577 4350 illi
1600 4287 1781 4376 pericula

173 4406 394 4495 enarravit,
437 4404 623 4498 sirnulqve
637 4403 850 4499 flagitarit
873 4431 992 4501 opem.
1064 4409 1106 4480 V
1104 4406 1232 4501 igdiso
1255 4408 1297 4504 in
1322 4407 1425 4478 lzunc
1445 4413 1534 4502 jere
1550 4420 1703 4490 modum
1719 4424 1784 4494 illi

174 4549 359 4640 responso
387 4536 580 4608 reddidit:
617 4561 696 4607 non
716 4561 785 4631 ego
807 4538 904 4608 milti
924 4521 1047 4609 tecum
1063 4541 1441 4636 consanguinitatem
1457 4569 1537 4616 esse
1559 4551 1701 4650 denego
1709 4583 1720 4650 5
1746 4575 1784 4630 et

174 4673 229 4742 sic
246 4673 396 4768 aridem
409 4669 587 4758 existimo
608 4669 702 4740 illos
716 4695 810 4768 qvos
825 4673 985 4770 gessisti
1003 4697 1076 4766 res,
1094 4685 1139 4744 ut
1156 4688 1326 4771 propter
1349 4677 1445 4749 illas
1471 4691 1507 4750 te
1527 4688 1784 4786 nonjndtsem

1553 4817 1586 4886 F
