4612 5832
851 497 1064 615 ..e-5„

151 761 329 849 nepotem
343 771 389 819 ex
394 743 491 842 filia
500 795 512 832 ,
541 745 706 817 nabilem
730 767 873 843 qvoqve
891 753 1065 839 paterno
1079 766 1219 838 genere
1226 767 1240 834 ,·
1274 741 1380 812 tunc
1407 743 1574 816 Olavum
1604 757 1685 818 tant
1705 745 1773 822 in-

147 885 293 981 signem
314 894 431 976 atqve
447 891 659 974 augustum
677 878 804 949 virum
817 877 993 948 existima
1010 877 1071 946 uti
1087 877 1206 948 talem
1222 877 1350 946 ullam
1368 875 1433 945 ln'c
1442 878 1615 970 reperire
1627 903 1771 976 neqve-

148 1041 269 1090 amus.
334 1013 427 1086 Jam
452 1011 515 1082 illi
533 1023 746 1106 postquam
771 1010 873 1079 diem
896 1005 1024 1077 obiero
1056 1008 1159 1102 regis
1197 1008 1432 1102 dignitatem
1466 1005 1606 1104 offerre
1631 1014 1768 1085 statui.

151 1149 299 1238 Olavus
315 1146 417 1218 enirn
434 1145 491 1214 acl
508 1165 697 1213 summum
714 1139 918 1236 imperium
939 1138 1077 1230 aptior
1094 1151 1151 1206 est
1169 1163 1284 1234 qvam
1301 1140 1429 1211 nostri
1447 1139 1542 1232 filii.
1618 1145 1768 1216 Olavus

148 1280 193 1351 ab
213 1280 278 1350 illi
296 1277 470 1350 oblatam
486 1273 719 1369 dignitatem
742 1272 826 1367 regi
852 1273 980 1340 multa
1006 1270 1269 1340 concinnitate
1295 1269 1499 1342 verborum
1533 1285 1649 1368 atqve
1680 1280 1766 1348 elo-

144 1409 305 1507 quentia
322 1410 401 1504 egit
408 1407 579 1502 gratias,
591 1416 720 1474 tamen
728 1401 931 1496 affirmans
947 1402 1099 1472 senolle
1110 1400 1352 1495 periclitari,
1372 1405 1767 1503 quomodaMirkjar-

145 1542 255 1612 tanis
266 1539 362 1633 filii,
385 1552 479 1634 post
496 1539 607 1608 illius
623 1549 795 1622 mortem,
820 1535 892 1605 ltoc
909 1547 1035 1604 essent
1046 1533 1268 1628 perlaturi,
1308 1531 1416 1606 brevi
1440 1537 1649 1608 durantem
1676 1543 1768 1636 clig-

145 1674 312 1748 m'tatem
339 1667 801 1768 longinqvoeignominioe
824 1679 1044 1762 preestare,
1082 1689 1121 1738 se
1148 1666 1247 1736 velle
1276 1667 1332 1736 acl
1364 1668 1612 1764 Norvogiam
1636 1673 1766 1744 redire

144 1805 283 1876 statim
300 1826 349 1874 ac
362 1813 512 1897 pontus
528 1798 810 1896 navigantibus
828 1811 935 1870 tutus
943 1796 1080 1892 fieret,
1119 1811 1285 1868 matrem
1301 1811 1496 1895 expertem
1509 1801 1606 1892 sare
1619 1805 1765 1897 gaudii

144 1937 188 2010 m‘
207 1935 276 2007 ille
293 1935 450 2006 rediret.
510 1935 597 2007 Rex
621 1933 724 2004 dixit
749 1931 893 2004 Irarum
918 1935 1049 2002 rerum
1071 1942 1310 2025 potestatem
1326 1955 1449 2026 penes
1467 1933 1765 2026 Olavumfutu-

144 2091 254 2152 ram,·
280 2067 419 2138 deinde
433 2065 567 2154 soluta
584 2063 729 2136 concio.
782 2061 875 2134 Cum
889 2073 1020 2132 autem
1041 2064 1190 2133 Olavus
1208 2065 1264 2132 acl
1279 2065 1354 2132 iter
1363 2075 1541 2157 paratus
1558 2082 1667 2157 esset,
1693 2095 1762 2142 rex

143 2201 259 2271 illum
275 2199 331 2270 ad
342 2198 478 2271 nanim
493 2196 715 2287 comitatus,
733 2195 893 2266 lraetam
906 2194 970 2263 illi
988 2195 1096 2263 dedit
1106 2193 1341 2265 about-atam
1357 2207 1472 2292 atqve
1489 2222 1615 2268 ensem
1631 2227 1761 2274 auro.

143 2345 228 2405 tum
243 2328 281 2404 ἃ
297 2331 425 2402 multa
441 2331 528 2401 alia
538 2329 732 2424 pretiosa.
788 2327 938 2398 otacus
955 2337 998 2396 ut
1012 2325 1087 2396 sibi
1103 2326 1316 2397 Mellorlcoe
1334 2327 1523 2398 nutricem
1543 2353 1668 2403 secum
1684 2319 1760 2406 abss

140 2467 283 2538 ducere
301 2463 435 2535 liceret
455 2461 633 2558 rogavit,
659 2483 728 2530 rex
744 2457 818 2531 lroc
833 2482 1027 2530 necessum
1043 2481 1122 2530 esse
1137 2459 1309 2553 negavit,
1337 2461 1494 2556 ideoqve
1509 2461 1584 2532 illa
1601 2489 1761 2539 reman-

139 2597 204 2668 sit.
260 2595 410 2667 Olavus
428 2619 514 2667 aum
527 2593 641 2664 sociis
657 2592 791 2664 navim
808 2592 1031 2662 conscendit
1055 2603 1171 2684 atqve
1190 2613 1275 2660 cum
1294 2592 1434 2662 intima
1455 2595 1557 2688 regis
1580 2599 1759 2671 amicitia

139 2729 192 2802 ab
209 2753 255 2800 ea
272 2705 512 2814 discedebat(
566 2726 715 2796 Obrvus
741 2723 838 2795 velis
860 2724 901 2794 in
927 2725 1055 2796 altum
1070 2722 1208 2810 datis,
1259 2726 1497 2818 secundoque
1530 2749 1623 2800 usus
1646 2745 1759 2804 venta

138 2856 361 2952 Norv'agioe
372 2855 549 2950 appulit,
564 2854 724 2948 jamque
743 2855 860 2924 otavt
885 2855 960 2924 iter
981 2856 1097 2928 valde
1121 2831 1377 2946 honorificum
1401 2856 1590 2930 ltabitunt.
1652 2865 1762 2938 Navi

135 2987 347 3074 subducta,
374 2986 548 3080 equisque
570 2985 824 3076 comparatis,
855 2986 1003 3056 Olavus
1029 2985 1306 3056 comitantibus
1331 2987 1412 3057 suis
1440 2991 1496 3060 ‹ul
1521 3015 1647 3088 regem
1662 2999 1759 3068 Ha-

140 3118 305 3192 sottum
321 3111 623 3188 conveniendum
634 3113 841 3209 profectus
860 3126 928 3184 est.

786 3338 917 3426 CAP.
957 3340 1110 3430 XXII.

340 3495 458 3632 Jam
479 3534 628 3607 Olarus
646 3534 704 3604 ad
725 3534 829 3630 regis
846 3535 1029 3607 Horaldi
1055 3536 1192 3606 aulam
1203 3535 1387 3631 pervenit
1404 3531 1605 3637 &qvidem
1629 3571 1654 3616 a
1673 3571 1760 3644 rege

142 3657 305 3766 benigne
318 3667 600 3763 excipiebatur,
628 3679 759 3738 tamen
774 3691 801 3735 a
821 3667 1055 3739 Gunnltilda
1073 3671 1197 3740 multo
1213 3669 1351 3740 melius
1358 3695 1373 3761 ,·
1408 3672 1472 3744 illi
1491 3699 1577 3747 eum
1592 3683 1704 3772 opud
1718 3707 1758 3753 se

141 3823 302 3878 manere
318 3775 514 3896 rogabant
528 3795 871 3894 atqcemonebant,
889 3801 1016 3872 multa
1035 3771 1238 3874 verborunl
1255 3803 1448 3877 comitate.
1498 3810 1588 3880 Hoc
1609 3814 1759 3884 Olavus

143 3934 257 4006 ltaucl
273 3933 495 4004 detrectans
505 3953 590 4001 curn
600 3929 706 4003 Orno
724 3932 781 4000 acl
798 3931 899 4026 regis
912 3933 1049 4002 aulam
1058 3934 1257 4028 migravit.
1291 3937 1377 4010 Rex
1392 3952 1509 4035 atqve
1524 3943 1757 4016 Gunnltilda

145 4080 302 4139 tantum
326 4065 391 4135 illi
404 4064 589 4134 bonorem
607 4061 775 4133 habuere
803 4075 992 4157 quantum
1015 4064 1149 4134 nullus
1179 4078 1299 4138 antea
1325 4083 1465 4141 nactus
1477 4073 1616 4162 suerat
1635 4099 1758 4170 pete-

142 4200 293 4297 gr'inus.
352 4196 502 4269 Olavus
518 4219 644 4290 regern
661 4207 776 4289 atqve
803 4193 1076 4264 Gunnltilclam
1090 4197 1227 4267 multis
1251 4201 1417 4271 donavit
1433 4206 1623 4296 pretiosis
1649 4209 1760 4280 baud

146 4329 396 4429 vulgaribus,
422 4353 507 4426 qvoe
522 4329 562 4398 in
580 4305 767 4398 Irlanclia
785 4337 1003 4422 acceperat.
1054 4325 1124 4398 Act
1142 4341 1293 4421 tempus
1299 4332 1452 4424 jolense
1468 4359 1536 4407 rex
1547 4339 1758 4414 Haralclue

150 4466 275 4537 Olavo
289 4463 455 4535 donarit
466 4461 646 4534 vestitum
664 4472 788 4530 totum
801 4485 821 4531 e
834 4460 1213 4552 coccinaconsectum
1231 4458 1268 4534 8<
1285 4465 1389 4536 lianc
1412 4468 1562 4564 quidem
1584 4473 1758 4568 ltyemene

151 4599 299 4670 Olavus
318 4595 400 4696 otio
415 4593 628 4688 transegit,
652 4613 740 4663 vere
759 4603 891 4664 autem
918 4594 1288 4689 appropinqvante,
1335 4615 1513 4695 coeptum
1542 4606 1757 4702 aliquando

148 4733 392 4826 interregem
408 4739 526 4822 atqve
541 4725 708 4799 Olavum
721 4725 965 4820 colloquium,
992 4737 1146 4822 tumque
1160 4730 1308 4802 Olcvus
1325 4755 1350 4802 a
1369 4757 1455 4829 rege
1472 4741 1626 4810 veniam
1635 4743 1758 4833 petiit

149 4889 195 4950 ea
214 4875 353 4950 oestate
368 4863 425 4949 acl
438 4859 663 4953 Islancliarn
678 4857 876 4947 redeundi,
908 4855 962 4926 ibi
977 4859 1089 4949 enim,
1117 4860 1258 4956 inquit,
1292 4867 1420 4938 nobile
1428 4871 1525 4951 milri
1543 4895 1668 4964 gertus
1690 4894 1757 4942 re-

151 4996 362 5070 visendum.
400 4995 484 5066 Res
500 4987 778 5087 respondebat:
794 4990 892 5062 milri
909 5015 1005 5063 sane
1017 4994 1162 5086 optime
1173 4996 1364 5086 placeret,
1391 5011 1435 5068 ut
1451 5001 1514 5070 tric
1529 5025 1760 5092 remaneres,
