4612 5838
910 499 1006 597 197

151 762 366 858 acciperet,
391 768 508 853 atque
527 753 612 829 luec
637 777 800 828 munera
822 752 989 828 maxime
1004 753 1220 847 nonorifica
1252 780 1334 828 esse
1362 756 1584 852 affirmavit.
1638 758 1765 856 Kjor-

150 909 268 966 tanus
293 890 487 964 obstinate
508 889 759 984 pernegauit,
786 891 944 984 jamque
957 885 1166 959 discessum
1180 889 1291 960 baud
1304 887 1438 960 amice.
1496 891 1588 962 Viri
1602 894 1765 986 Hjard-

149 1026 343 1100 boltenses
373 1025 528 1094 domum
559 1020 708 1092 rediere
734 1020 893 1116 jamque
921 1021 1052 1090 omnio
1084 1023 1224 1115 quieta.
1301 1023 1526 1118 Kjartonus
1551 1048 1596 1096 ea
1630 1026 1767 1120 byeme

111 1253 114 1260 ,
149 1161 393 1255 aliquantum
411 1154 565 1226 tristior
574 1179 589 1245 ,·
623 1175 761 1224 rarum
787 1152 899 1222 illius
922 1153 1176 1246 colloqviam5
1219 1179 1366 1250 magna
1389 1158 1479 1240 inde
1498 1159 1619 1228 Olovo
1635 1159 1766 1228 tristi-

150 1294 219 1362 tia.
281 1290 429 1363 Eadem
457 1288 592 1382 hyeme
608 1297 707 1380 post
719 1285 875 1382 jolense
895 1284 1050 1375 festum
1075 1285 1300 1379 Kjortanus
1327 1289 1441 1358 domo
1463 1313 1548 1358 curn
1565 1291 1765 1361 duodecim

100 1449 101 1454 ¹
149 1424 268 1496 sociis
291 1419 491 1517 proficisci
521 1428 671 1511 parat3
715 1418 773 1486 ad
788 1439 921 1511 pagos
944 1414 1118 1486 boreales
1135 1418 1249 1488 adire
1273 1421 1559 1492 constituerant
1565 1471 1579 1509 ,
1603 1425 1765 1520 jamque

149 1553 259 1628 rectd
275 1551 468 1648 profecti,
494 1573 609 1645 usque
631 1549 723 1618 dum
740 1549 781 1618 in
803 1547 994 1621 thidolo
1024 1549 1066 1618 in
1088 1529 1240 1621 boreali
1257 1553 1388 1646 plaga
1403 1553 1765 1644 Asbjarnarnesum

147 1687 407 1786 pervenirent.
460 1680 522 1754 lbi
543 1681 956 1773 Kjartanusmoxima
972 1705 1058 1751 cum
1085 1683 1265 1754 amicitia
1290 1709 1339 1755 ac
1364 1687 1546 1780 comitate
1562 1699 1743 1780 exceptus
1750 1713 1765 1778 ,·

149 1814 536 1916 magnificentissima
564 1811 704 1882 ibidem
737 1811 980 1896 habitacula.
1054 1813 1207 1884 Heliae
1245 1817 1472 1887 Gudmundi
1496 1817 1612 1910 filius
1659 1821 1765 1893 eice-

150 1955 290 2024 simum
302 1952 394 2046 jorn
415 1969 562 2017 annum
576 1944 721 2040 agebat
727 1969 743 2028 ,·
778 1945 944 2014 multum
967 1943 1036 2013 ille
1057 1945 1375 2015 Laxdcelensiurn
1398 1947 1535 2041 generi
1562 1949 1704 2019 similis
1727 1948 1767 2022 8<

147 2083 405 2158 memoratum
428 2077 578 2172 quidem
605 2089 685 2165 est,
710 2077 863 2146 nullum
881 2087 1043 2169 aspectu
1049 2075 1263 2166 fortiorem
1278 2077 1318 2146 in
1343 2089 1426 2148 toto
1442 2078 1591 2150 boreali
1609 2085 1766 2175 regione

145 2219 275 2292 uirum
293 2209 497 2286 exstitisse.
556 2209 710 2280 Hallus
734 2218 942 2302 cognatum
962 2207 1355 2302 Kjartnnum'rnulta
1381 2233 1466 2280 cum
1492 2213 1671 2284 amicitia
1696 2239 1766 2286 ex-

146 2349 270 2443 cepit,
314 2357 464 2438 tumqae
488 2342 577 2412 iudi
601 2341 914 2436 Asbjarnarnesi
941 2341 1169 2410 instaurati.
1244 2341 1307 2412 Ex
1340 2339 1476 2411 multis
1498 2346 1623 2440 pagis
1647 2349 1766 2419 multi

144 2477 337 2550 mortales
362 2497 578 2546 convenere.
628 2473 691 2545 Ec
712 2476 750 2546 V
753 2473 924 2560 ididam,
949 2449 1183 2564 Midfiiirdo,
1213 2472 1459 2565 Votnsnesc,
1486 2477 1713 2552 Votnsdolo
1728 2476 1766 2553 bc

146 2611 338 2708 quideme
360 2607 602 2701 Langadolo
626 2604 853 2700 congregati
876 2603 1061 2675 homines.
1091 2603 1276 2700 Magna
1303 2603 1357 2676 ibi
1377 2609 1606 2682 mortalium
1624 2614 1765 2682 multi-

148 2744 255 2814 tudo.
320 2739 416 2812 Tum
431 2761 560 2808 ornnes
580 2737 653 2808 lsoc
673 2734 887 2824 admirati,
924 2747 1112 2830 quantum
1133 2738 1358 2832 Kjartanus
1387 2741 1493 2812 alios
1516 2744 1766 2818 antecelleret

144 2872 333 2946 homines.
386 2869 539 2941 Deinde
553 2869 640 2938 ludi
657 2867 877 2938 instaurati
895 2879 986 2936 sunt
1002 2889 1133 2962 eosque
1147 2869 1272 2940 edidit
1286 2871 1449 2942 Hallus.
1499 2874 1577 2944 Ille
1590 2877 1765 2972 Kjarta-

143 3027 242 3076 num
272 3003 328 3072 ad
350 3000 484 3070 ludum
507 2999 688 3070 invitavit
709 2999 861 3068 dicens:
906 2998 1110 3085 vellemus,
1133 2993 1321 3091 cognate!
1353 3016 1397 3073 ut
1425 3015 1468 3073 tu
1492 3015 1562 3074 tua
1583 3030 1768 3101 prusen-

146 3136 209 3206 tia
249 3131 359 3203 nobie
395 3129 592 3202 exhiberes
635 3127 879 3200 urbanitatis
916 3139 995 3199 tuce
1032 3130 1314 3200 documentum.
1391 3133 1616 3225 Kjartonus
1645 3141 1770 3210 dixit:

142 3287 295 3364 purum
315 3288 384 3359 ego
401 3262 612 3336 novissimo
629 3273 800 3356 tempore
825 3260 931 3330 ludis
957 3269 1134 3332 assuetus
1160 3285 1265 3350 sum,
1321 3262 1419 3333 clioe
1446 3265 1547 3336 enim
1572 3291 1635 3338 res
1652 3271 1765 3363 opud

147 3419 277 3494 regem
296 3363 462 3466 Olenum
478 3394 607 3489 magis
633 3392 675 3464 in
694 3415 768 3462 usu
773 3391 894 3482 suere
898 3415 913 3484 ,·
936 3405 1213 3464 cerumtamen
1229 3393 1307 3464 bac
1323 3394 1473 3488 quidem
1488 3398 1570 3470 vice
1584 3401 1675 3470 nolo
1693 3399 1765 3472 tibi

147 3529 222 3604 boc
244 3529 446 3622 denegare.
503 3527 667 3622 Tumque
688 3523 910 3618 Kjartonue
926 3550 966 3595 se
990 3527 1046 3594 ad
1066 3524 1202 3608 ludum
1218 3527 1406 3618 paravit5
1440 3531 1630 3602 adversus
1650 3533 1767 3605 illum

148 3664 275 3736 solum
312 3661 486 3732 homines
514 3655 738 3740 constituti,
789 3656 850 3752 qai
876 3653 930 3724 ibi
959 3655 1223 3728 valentissimi
1253 3659 1448 3730 adessent.
1523 3661 1576 3732 Et
1601 3659 1648 3733 ea
1680 3664 1768 3760 qvis

149 3799 238 3868 dem
262 3793 325 3865 die
359 3795 453 3864 ludc
490 3815 610 3886 opera
644 3791 762 3873 dota,
810 3787 920 3858 nullo
945 3786 1100 3858 bomine
1122 3790 1323 3885 IKJ'nrtanc
1353 3792 1573 3883 resistente,
1612 3783 1789 3868 necto-¹

150 3927 244 3998 bore
269 3947 338 3994 nec
364 3937 452 3994 arte
472 3923 581 4017 pori.
636 3923 809 4014 Vespere
833 3917 920 3987 tuso
936 3915 1053 4009 linito
1071 3921 1246 4008 Helius,
1274 3924 1501 3994 Gudmundi
1512 3895 1785 4018 fitiusjsurss

148 4081 246 4156 gens
272 4056 331 4127 ita
356 4058 530 4127 locutus:
568 4053 640 4124 leoc
668 4075 774 4122 meus
792 4062 914 4144 pater
937 4047 1112 4120 comibus
1137 4047 1270 4146 offert,
1297 4069 1348 4124 ac
1372 4067 1490 4149 rogat
1513 4077 1644 4126 omnes
1672 4058 1766 4131 illos

150 4193 274 4279 viros,
318 4191 378 4286 qni
401 4187 563 4278 celocis
583 4183 851 4258 remotissimis
876 4182 953 4252 tec
974 4184 1181 4267 advenere,
1222 4194 1267 4253 ut
1291 4183 1368 4253 bac
1393 4199 1505 4258 nocte
1528 4188 1595 4259 tic
1624 4189 1765 4286 bospi-

152 4337 303 4414 tentur,
330 4347 419 4393 cros
434 4321 569 4390 ludum
586 4314 907 4410 redintegratum.
964 4313 1085 4384 Hanc
1104 4313 1377 4386 incitationem
1393 4341 1525 4391 omncs
1552 4323 1770 4395 collauda-

152 4481 241 4530 vere
267 4451 580 4548 acmognificam
602 4445 893 4521 existimabant.
950 4445 1119 4537 Kalfus,
1152 4444 1315 4539 Asgeiri
1331 4447 1469 4540 filius,
1519 4475 1564 4526 eo
1592 4469 1768 4528 venerat.

152 4589 308 4686 Magno
337 4589 441 4659 inter
463 4609 548 4656 eum
569 4605 618 4654 ac
648 4583 891 4677 Kjortnnum
915 4577 1108 4650 amicitia.
1194 4577 1259 4650 lbi
1286 4581 1449 4674 Hrefna
1488 4585 1599 4657 illius
1621 4591 1766 4660 aderat
1850 4567 1857 4585 ’

139 4745 284 4826 sorar,
310 4743 455 4816 magna
472 4741 545 4787 uso
565 4717 693 4786 cultus
707 4709 1012 4807 magnificentia.
1064 4711 1222 4783 Centum
1238 4711 1293 4782 ibi
1311 4715 1504 4808 homines,
1528 4721 1764 4815 praeterfu-

152 4855 380 4941 miliom,ea
407 4845 739 4942 nocteleospitati.
793 4843 1053 4940 Sequenteclie
1072 4845 1127 4915 od
1145 4846 1279 4918 ludum
1295 4848 1529 4944 dispositum
1544 4865 1613 4921 est.
1670 4853 1767 4924 Tum

153 4993 379 5086 AJartonus
412 4986 503 5056 ludo
529 4981 672 5052 aderat
698 4989 909 5076 spectator.
981 4977 1180 5079 Thuriae.
1227 4981 1339 5054 itlius
1368 5006 1499 5078 saror,
1548 5005 1634 5057 sum
1658 4984 1764 5058 adiit
