4638 5844
1241 481 1454 604 Q

541 751 718 799 errorum
737 750 990 823 paganorum
1012 728 1052 800 in
1077 726 1249 802 moribus
1270 729 1482 800 multorum
1506 723 1705 800 nominum
1725 721 1986 823 superessent.'
2053 727 2155 798 Olim

544 861 608 930 liic
623 885 705 931 mos
728 861 830 931 inter
846 864 950 935 viros
956 865 1088 954 fortes
1092 861 1263 953 foedera
1281 863 1328 933 de
1349 873 1487 931 mutua
1508 861 1657 932 ultione
1674 871 1893 954 pangentes
1915 859 2157 948 invaluerat,

542 1003 587 1062 ut
605 993 684 1062 tria
704 993 854 1065 lamina
870 998 1035 1092 cespitia
1045 994 1226 1086 juraturi
1244 991 1426 1064 subirent.
1489 993 1557 1064 Ita
1583 1015 1674 1065 vero
1697 1015 1779 1060 mos
1802 991 1875 1060 iste
1899 1003 2157 1084 comparatus
2192 1045 2196 1050 .

545 1137 653 1212 erat,
690 1138 734 1196 ut
754 1139 832 1196 tres
851 1114 1013 1222 cespites
1030 1129 1168 1222 longos
1192 1125 1401 1214 cuderent,
1433 1148 1591 1222 quorum
1618 1123 1885 1196 extremitates
1903 1145 2034 1192 omnes
2048 1123 2159 1192 humi

545 1255 756 1350 affigerent,
766 1272 1001 1331 curvaturas
1020 1282 1109 1332 cero
1127 1257 1186 1329 ita
1203 1257 1415 1344 elevarent,
1436 1272 1480 1329 ut
1497 1284 1560 1332 eos
1575 1258 1689 1330 homo
1714 1253 1842 1326 subire
1855 1266 2002 1349 posset.
2035 1255 2158 1327 Hune

544 1379 665 1458 ritum
686 1375 921 1484 Tliorgeirus
938 1403 975 1464 et
995 1389 1235 1463 Tlcormodus
1255 1388 1377 1459 secuti
1398 1391 1520 1460 sunt.’'

744 1524 845 1595 Hoec
858 1523 1069 1618 descriptio
1096 1535 1191 1618 apte
1205 1522 1412 1616 conspirat
1441 1547 1525 1594 cum
1551 1524 1634 1594 loeo
1656 1521 1923 1618 pracedenteJ
1955 1530 2157 1626 praterea

548 1653 638 1724 inde
653 1654 838 1724 discimus
859 1677 1060 1726 numerum
1080 1654 1268 1747 cespitum
1295 1656 1514 1728 ternarium
1539 1680 1675 1753 qvoqve
1708 1657 1750 1726 in
1773 1653 1938 1748 foedere
1968 1653 2158 1724 sodalitio

410 1893 421 1900 -
539 1787 741 1882 jungendo
746 1785 877 1878 fuisse
895 1785 1126 1858 adhibitum.

732 1919 917 1992 Eundem
934 1920 1095 2018 denique
1117 1938 1260 1990 morem
1276 1922 1447 2017 respexit
1468 1933 1587 1995 autor
1620 1919 1867 1994 narrationis
1887 1917 2090 2012 fabulosas
2111 1919 2160 1990 de

552 2047 783 2152 Thorsteino
807 2053 849 2126 V
846 2052 969 2145 ilingi
979 2049 1084 2144 filio,
1103 2051 1374 2146 juramentum
1398 2055 1627 2126 sodalitium
1655 2053 1718 2123 lsis
1758 2051 1886 2127 uerbis
1921 2049 2161 2123 describens:

521 2253 525 2264 ,
546 2183 842 2272 ζ’βοίτνὸῑινιιᾶιι
859 2207 919 2254 ser
933 2185 1039 2256 blods
1059 2183 1216 2275 illisum,
1243 2187 1418 2282 okgeng'o
1437 2187 1788 2276 undirlsrdsrmen‚
1800 2185 1849 2255 ok
1864 2183 1952 2256 sdro
1969 2193 2037 2270 par
2053 2185 2162 2276 eyds,

549 2315 828 2409 sthvsrskyldi
862 2340 997 2390 annars
1019 2317 1149 2407 helna,
1191 2315 1364 2390 etnokkr
1389 2321 1516 2406 peirrs
1543 2318 1626 2412 yrdi
1659 2313 1746 2390 med
1777 2339 1942 2411 vopnom
1967 2314 2104 2410 veginn
2129 2335 2162 2380 o:

548 2447 772 2542 sanguinem
788 2473 900 2519 suum
918 2472 964 2519 ex
977 2450 1080 2550 'volis
1096 2450 1329 2540 elicuerunt,
1355 2453 1484 2523 lamen
1502 2450 1707 2544 cespitium
1731 2449 1951 2538 subierunt,
1984 2459 2024 2522 et
2040 2448 2164 2539 jura·-

548 2594 719 2654 mentum
751 2581 1036 2678 praetiterunt.
1098 2581 1161 2654 De
1186 2595 1325 2655 mutua
1350 2585 1516 2671 ultione,
1547 2583 1582 2653 si
1616 2583 1811 2656 alteruter
1834 2593 1957 2660 morte
1986 2581 2164 2656 violenta

546 2715 740 2809 periisset.
869 2713 870 2718 ’

747 2851 890 2923 Plures
917 2849 1013 2936 loci,
1049 2846 1246 2946 inquibus
1269 2850 1413 2924 mentio
1431 2850 1554 2946 saeta
1577 2862 1635 2924 eet
1651 2850 1768 2949 liujus
1785 2847 2090 2939 consuetudinis,
2120 2849 2166 2919 in

550 2980 721 3078 antiquis
736 2985 988 3056 Islanclorum
1004 2983 1260 3082 monumentis
1288 2983 1399 3055 nobis
1416 2983 1528 3077 haud
1550 2998 1812 3057 occurrerunt.
1874 2981 2053 3056 Solenuis
2070 3005 2183 3053 cero·

549 3113 618 3185 ille
640 3115 801 3188 laminis
820 3116 975 3212 cespitii
994 3141 1088 3188 usus
1111 3129 1194 3186 tam
1214 3129 1415 3190 arctecum
1432 3119 1713 3214 superstitione
1730 3139 1900 3214 pagana
1919 3127 2007 3189 erat
2027 3138 2162 3203 nexus,

549 3259 595 3317 ut
614 3247 915 3324 christianismo
939 3263 978 3322 et
998 3262 1153 3348 recepto
1180 3263 1217 3322 et
1231 3247 1397 3345 firmato
1423 3276 1502 3325 non
1521 3252 1697 3348 potuerit
1716 3275 1795 3324 non
1810 3250 1853 3324 in
1870 3248 2162 3328 desuetudinem

549 3378 670 3456 abire.
