4638 5844
898 455 1100 579 253-

183 705 461 800 transigamus.
511 704 669 775 Bellias
682 716 853 800 propter
870 706 972 776 tales
992 703 1122 774 minas
1138 727 1178 775 se
1195 705 1273 776 iter
1290 707 1511 780 dilaturum
1528 712 1709 808 negarit5
1736 714 1809 786 boe

184 861 286 922 vero,
302 836 439 930 inquit,
456 837 654 918 constitui,
676 863 787 931 qvam
802 839 971 932 Helgius
989 839 1057 907 ille
1079 839 1224 910 stultus
1240 865 1281 909 se
1295 841 1464 911 maxime
1480 859 1634 938 gereret
1653 848 1808 936 stolide,

185 969 365 1064 nobisque
382 968 568 1038 continua
583 971 774 1062 ingereret
788 972 983 1058 conuicia,
1010 971 1266 1064 hastamque,
1294 974 1442 1066 regium
1461 1000 1613 1067 munus,
1635 1002 1715 1072 pro
1731 1004 1808 1050 uno
1907 1059 1914 1080 Ι

173 1097 290 1208 foeni
304 1099 510 1194 manipulo
522 1125 546 1169 u
565 1115 702 1172 memet
712 1117 911 1198 posceret,
939 1116 1092 1174 tentare
1111 1103 1174 1172 illi
1190 1105 1382 1174 dictorum
1401 1107 1561 1178 reddere
1576 1133 1808 1182 renumera-

185 1235 347 1324 tionem,
370 1246 408 1304 et
424 1233 570 1328 quidem
589 1237 776 1308 adalind
792 1237 951 1308 hastam
969 1234 1185 1326 destinauit,
1226 1235 1420 1332 tibijenim
1446 1240 1560 1310 illam
1583 1253 1620 1313 et
1645 1267 1808 1312 aureum

183 1369 304 1438 simul
319 1369 523 1458 annulum,
537 1393 639 1464 qoem
658 1369 1115 1464 constantinopolitanus
1134 1369 1233 1438 mibi
1250 1371 1358 1440 dedit
1379 1395 1465 1461 rex,
1493 1369 1644 1445 donare
1658 1363 1808 1446 consti-

184 1503 253 1572 tni.
317 1503 420 1572 Hac
444 1503 598 1572 cimelia
623 1475 773 1574 melicis·
789 1503 847 1572 ita
866 1527 945 1573 esse
959 1483 1154 1572 collocabo
1175 1501 1363 1591 arbitror,
1389 1507 1552 1598 quamsi
1570 1501 1740 1603 Helgius
1758 1533 1806 1580 ea
1857 1493 1863 1503 ¹

182 1636 406 1730 accepisset.
459 1637 719 1706 Gudmundus
738 1637 802 1706 illi
813 1659 890 1731 pro
911 1635 974 1706 bis
1001 1633 1224 1705 muneribus
1246 1637 1408 1730 gratias
1432 1641 1625 1730 persolvit
1651 1642 1804 1712 dicens:

181 1768 327 1844 viliora
346 1794 457 1864 quom
474 1793 619 1864 ceqoum
637 1782 696 1838 est
716 1769 786 1839 tibi
799 1770 1010 1852 reddentur
1026 1790 1200 1838 munera.
1257 1767 1515 1840 Gudmundus
1532 1773 1711 1844 Bollium
1730 1775 1804 1845 do-

181 1903 291 1981 navit
311 1905 449 1996 clypeo
466 1901 677 1986 obaurata,
701 1923 893 1996 aureoque
909 1901 1057 1970 annulo
1073 1912 1188 1994 atque
1205 1912 1296 1994 toga
1316 1925 1336 1969 e
1348 1924 1487 1994 panno
1499 1906 1804 1998 pratiosissimo

181 2035 378 2126 confecta,
404 2059 575 2129 auroque
589 2033 778 2104 distincta
805 2031 1014 2127 ubicunque
1030 2033 1094 2100 od
1112 2044 1381 2102 ornamentum
1397 2035 1573 2124 conferre
1591 2037 1713 2108 visum
1732 2051 1800 2110 est.

180 2153 520 2241 Proestantissima
539 2167 668 2236 omnia
687 2163 760 2234 illa
767 2167 887 2262 suere
903 2163 1134 2260 gestamina.
1180 2163 1287 2234 Tunc
1306 2166 1407 2236 dixit
1421 2167 1700 2241 Gudmundns:
1716 2196 1802 2266 po-

180 2325 267 2374 rum
284 2302 381 2372 mibi
397 2302 553 2396 placet,
575 2299 710 2372 Bolli!
746 2298 781 2367 si
798 2321 874 2392 per
890 2297 1254 2388 Svarjadardalum
1281 2297 1356 2367 iter
1369 2297 1513 2389 facies.
1576 2303 1734 2372 Bollius
1758 2303 1802 2372 id

178 2438 324 2506 domno
334 2435 519 2526 suturam
541 2433 709 2528 negavit.
761 2431 915 2502 Deinde
926 2432 1086 2502 Bollius
1103 2455 1189 2502 cum
1203 2431 1285 2502 suis
1298 2430 1504 2526 profectus
1520 2435 1799 2504 aGudmundo

178 2569 418 2639 intimorum
435 2591 570 2638 amore
583 2567 793 2636 discedens.
853 2563 945 2634 dam
959 2565 1121 2662 Bollius
1143 2564 1307 2634 ‹zo-socii
1317 2589 1396 2660 per
1416 2567 1798 2638 Galmarstrandam

178 2702 235 2772 ire
247 2709 466 2798 perrexere,
481 2724 639 2794 vespere
652 2702 708 2770 ad
725 2693 862 2774 villam
874 2722 1090 2793 pervenere
1107 2721 1192 2792 qvoe
1200 2697 1377 2766 Krossar
1394 2689 1626 2769 uocabaturi
1650 2700 1725 2772 Vir
1745 2699 1799 2770 ibi

178 2833 387 2906 habitabat
403 2832 755 2922 Ottarusnomine5
773 2831 885 2924 soris
904 2831 972 2899 ille
988 2830 1149 2899 adstitit
1167 2829 1299 2922 capite
1321 2829 1484 2918 calvus,
1508 2842 1707 2927 togamque
1726 2857 1800 2927 ge-

178 2981 291 3036 stans
308 2965 445 3059 epelle
466 2965 693 3056 confectam.
757 2967 921 3033 Ottarus
940 2963 1099 3031 comiter
1118 2961 1214 3052 illos¹
1237 2961 1448 3052 salutauit,
1482 2975 1520 3033 et
1534 2953 1651 3058 ¹apud
1665 2989 1705 3035 se
1722 2965 1797 3034 lio-

178 3098 343 3194 spitinm
361 3097 501 3167 obtulit
510 3122 523 3186 ,·
542 3097 613 3166 boc
631 3095 695 3163 illi
706 3089 970 3190 acceptorem.
996 3092 1171 3165 Bonoibi
1181 3093 1353 3187 bospitio
1365 3093 1578 3167 utebantur
1591 3109 1629 3166 et
1644 3073 1814 3190 bospite¹

179 3233 388 3302 admodum
409 3231 545 3302 hilari.
606 3227 669 3300 Ibi
690 3239 840 3298 noctem
866 3241 1100 3320 transegere.
1162 3227 1347 3320 Sequente
1371 3227 1434 3295 die
1461 3251 1545 3298 cum
1564 3227 1722 3298 Bellias
1747 3253 1796 3298 ac

161 3342 290 3437 ¹illius
313 3364 468 3435 comites
490 3366 546 3434 od
563 3363 640 3434 iter
650 3361 797 3454 parati
812 3373 958 3444 essent,
998 3363 1162 3430 Ottarus
1181 3358 1239 3426 ita
1260 3357 1413 3430 locutus
1429 3358 1510 3430 esti
1543 3327 1801 3451 benefecisti,

178 3502 312 3573 Belli!
330 3500 431 3594 qvod
445 3522 571 3567 meam
592 3495 725 3566 villam
740 3493 893 3582 adiisti,
920 3489 1163 3588 quamobrem
1179 3491 1360 3584 exiguam
1378 3491 1526 3586 quidem
1548 3491 1618 3563 tibi
1634 3493 1795 3561 reddam

176 3632 366 3730 gratiam,
392 3653 553 3698 aureum
566 3628 640 3698 tilri
654 3629 846 3698 annulum
865 3625 1036 3714 donabo,
1059 3623 1289 3720 gratiasque
1306 3621 1471 3713 habeba,
1497 3625 1532 3694 si
1550 3626 1662 3694 illam
1680 3627 1798 3696 uelles
1867 3663 1869 3668 ·

178 3767 369 3855 accipere.
435 3761 616 3854 Digitale
631 3785 774 3854 qvoqve
790 3759 855 3828 bic
873 3782 1016 3828 aurum
1034 3759 1164 3841 adest,
1198 3757 1298 3851 qvod
1316 3756 1430 3827 illum
1447 3770 1636 3853 sequetur.
1695 3758 1798 3829 Bol-

181 3900 258 3968 lius
275 3918 436 3966 munera
454 3906 666 3988 acceptans
683 3892 818 3960 colono
831 3890 991 3984 gratias
1005 3888 1094 3982 egit.
1166 3891 1332 3957 Ottarus
1353 3914 1423 3959 suo
1443 3903 1573 3960 vectus
1586 3915 1677 3983 equo
1694 3891 1798 3962 uiam

181 4031 263 4102 illis
277 4026 559 4125 proecursauit,
586 4025 678 4093 nam
696 4023 770 4093 illa
787 4035 898 4091 nocte
913 4023 1159 4116 aliquantum
1174 3991 1372 4089 ninxeruti
1425 4019 1517 4090 Jam
1544 4023 1601 4090 ire
1610 4045 1799 4116 perrexe-

180 4175 274 4236 run't
290 4163 346 4232 ad
363 4159 745 4248 Svarfadardalum,
780 4177 934 4248 cumque
952 4153 1234 4224 bandmnltum
1252 4152 1327 4223 uioe
1343 4152 1611 4243 confecissent,
1632 4127 1798 4224 Ottarus

180 4319 387 4370 conversus
399 4295 576 4365 Bellium
593 4291 790 4362 allocutus
811 4301 889 4360 est:
914 4313 984 4382 ego
1003 4287 1165 4356 reddam
1180 4283 1432 4372 manifestum
1445 4255 1582 4356 memet
1598 4287 1736 4382 cupire
1754 4301 1799 4360 ut

180 4433 277 4504 mibi
295 4431 444 4514 amicus
462 4428 517 4496 sis
529 4475 543 4514 ,
570 4427 674 4497 alter
689 4423 791 4495 enim
808 4444 953 4492 aureus
968 4419 1143 4490 annulus
1159 4417 1224 4488 liic
1239 4415 1338 4486 milti
1351 4419 1483 4506 adest,
1512 4444 1580 4515 quo
1599 4433 1636 4492 te
1649 4423 1799 4492 donare

179 4567 287 4654 eolo,
321 4563 472 4636 namin
492 4560 563 4646 iis,
591 4582 675 4654 qvae
687 4579 869 4650 possum,
894 4551 1001 4648 smibi
1022 4577 1115 4646 erga
1142 4548 1382 4622 vosanimus
1400 4551 1643 4648 est'integer3
1670 4566 1707 4624 et
1725 4555 1798 4624 boc

179 4699 327 4794 quidem
345 4695 450 4766 vobis
469 4693 545 4763 erit
561 4716 671 4787 opus.
723 4689 882 4760 Bellias
903 4686 1030 4754 coloni
1046 4663 1346 4780 generositatem
1364 4707 1456 4778 erga
1482 4711 1521 4755 se
1538 4684 1797 4771 collaudavit,

179 4847 309 4902 tamen
328 4827 520 4899 annulum
537 4851 576 4896 se
592 4835 844 4918 acceptarum
863 4818 1084 4913 affirmauit.
1148 4815 1314 4886 Colonus
1337 4815 1409 4888 boc
1429 4819 1541 4887 illurn
1560 4817 1798 4910 benefacere

180 4975 348 5037 testatus
364 4974 432 5034 est.
