<?xml version="1.0" encoding="UTF-8"?>
<!DOCTYPE html PUBLIC "-//W3C//DTD XHTML 1.0 Transitional//EN"
    "http://www.w3.org/TR/xhtml1/DTD/xhtml1-transitional.dtd">
<html xmlns="http://www.w3.org/1999/xhtml" xml:lang="en" lang="en">
 <head>
  <title>
</title>
<meta http-equiv="Content-Type" content="text/html;charset=utf-8" />
  <meta name='ocr-system' content='tesseract 3.04.00' />
  <meta name='ocr-capabilities' content='ocr_page ocr_carea ocr_par ocr_line ocrx_word'/>
</head>
<body>
  <div class='ocr_page' id='page_1' title='image "./laxdlasagasiveh00stifgoog_0340.png"; bbox 0 0 4590 5844; ppageno 0'>
   <div class='ocr_carea' id='block_1_1' title="bbox 895 439 1101 564">
    <p class='ocr_par' dir='ltr' id='par_1_1' title="bbox 895 439 1101 564">
     <span class='ocr_line' id='line_1_1' title="bbox 895 439 1101 564; baseline -0.01 -3"><span class='ocrx_word' id='word_1_1' title='bbox 895 439 1101 564; x_wconf 55' lang='lat'><strong><em>..215-</em></strong></span> 
     </span>
    </p>
   </div>
   <div class='ocr_carea' id='block_1_2' title="bbox 120 681 1922 3998">
    <p class='ocr_par' dir='ltr' id='par_1_2' title="bbox 120 681 1922 3998">
     <span class='ocr_line' id='line_1_2' title="bbox 185 681 1812 790; baseline 0 -28"><span class='ocrx_word' id='word_1_2' title='bbox 185 713 206 762; x_wconf 90' lang='lat' dir='ltr'><strong><em>e</em></strong></span> <span class='ocrx_word' id='word_1_3' title='bbox 216 687 401 790; x_wconf 78' lang='lat' dir='ltr'><strong><em>prostimo</em></strong></span> <span class='ocrx_word' id='word_1_4' title='bbox 412 711 525 784; x_wconf 82' lang='lat' dir='ltr'><strong><em>pago</em></strong></span> <span class='ocrx_word' id='word_1_5' title='bbox 535 687 689 782; x_wconf 78' lang='lat' dir='ltr'><strong><em>referri,</em></strong></span> <span class='ocrx_word' id='word_1_6' title='bbox 705 689 796 788; x_wconf 86' lang='lat' dir='ltr'><strong><em>jam</em></strong></span> <span class='ocrx_word' id='word_1_7' title='bbox 809 689 924 765; x_wconf 82' lang='lat' dir='ltr'><strong><em>eelim</em></strong></span> <span class='ocrx_word' id='word_1_8' title='bbox 939 688 1001 768; x_wconf 86' lang='lat' dir='ltr'><strong><em>uti</em></strong></span> <span class='ocrx_word' id='word_1_9' title='bbox 1018 700 1073 777; x_wconf 87' lang='lat' dir='ltr'><strong><em>tn,</em></strong></span> <span class='ocrx_word' id='word_1_10' title='bbox 1091 692 1278 786; x_wconf 81' lang='lat' dir='ltr'><strong><em>cognate!</em></strong></span> <span class='ocrx_word' id='word_1_11' title='bbox 1302 689 1437 764; x_wconf 80' lang='lat' dir='ltr'><em>navim</em></span> <span class='ocrx_word' id='word_1_12' title='bbox 1455 681 1632 762; x_wconf 83' lang='lat' dir='ltr'><strong><em>nostram</em></strong></span> <span class='ocrx_word' id='word_1_13' title='bbox 1649 713 1812 788; x_wconf 86' lang='lat' dir='ltr'><strong><em>occepe-</em></strong></span> 
     </span>
     <span class='ocr_line' id='line_1_3' title="bbox 184 823 1812 920; baseline 0.001 -27"><span class='ocrx_word' id='word_1_14' title='bbox 184 845 257 894; x_wconf 88' lang='lat' dir='ltr'><strong><em>res.</em></strong></span> <span class='ocrx_word' id='word_1_15' title='bbox 313 823 544 896; x_wconf 75' lang='lat' dir='ltr'><strong><em>Thorleikas</em></strong></span> <span class='ocrx_word' id='word_1_16' title='bbox 561 839 664 919; x_wconf 86' lang='lat' dir='ltr'><strong><em>tegre</em></strong></span> <span class='ocrx_word' id='word_1_17' title='bbox 681 825 832 920; x_wconf 79' lang='lat' dir='ltr'><strong><em>qvidem</em></strong></span> <span class='ocrx_word' id='word_1_18' title='bbox 849 824 1204 916; x_wconf 84' lang='lat' dir='ltr'><strong><em>discessumferens</em></strong></span> <span class='ocrx_word' id='word_1_19' title='bbox 1220 827 1346 898; x_wconf 82' lang='lat' dir='ltr'><em>dixit:</em></span> <span class='ocrx_word' id='word_1_20' title='bbox 1381 825 1497 917; x_wconf 72' lang='lat' dir='ltr'><strong><em>trojae</em></strong></span> <span class='ocrx_word' id='word_1_21' title='bbox 1523 823 1581 893; x_wconf 91' lang='lat' dir='ltr'><strong><em>rei</em></strong></span> <span class='ocrx_word' id='word_1_22' title='bbox 1607 825 1667 894; x_wconf 84' lang='lat' dir='ltr'><strong><em>uti</em></strong></span> <span class='ocrx_word' id='word_1_23' title='bbox 1694 837 1812 896; x_wconf 87' lang='lat' dir='ltr'><strong><em>coets·</em></strong></span> 
     </span>
     <span class='ocr_line' id='line_1_4' title="bbox 184 955 1807 1054; baseline -0.001 -28"><span class='ocrx_word' id='word_1_24' title='bbox 184 979 321 1028; x_wconf 89' lang='lat' dir='ltr'><strong><em>rarum</em></strong></span> <span class='ocrx_word' id='word_1_25' title='bbox 348 955 421 1028; x_wconf 77' lang='lat' dir='ltr'><strong><em>sits·</em></strong></span> <span class='ocrx_word' id='word_1_26' title='bbox 451 956 528 1028; x_wconf 87' lang='lat' dir='ltr'><strong><em>erit</em></strong></span> <span class='ocrx_word' id='word_1_27' title='bbox 549 957 773 1028; x_wconf 78' lang='lat' dir='ltr'><strong><em>arbitrium.</em></strong></span> <span class='ocrx_word' id='word_1_28' title='bbox 832 959 954 1032; x_wconf 83' lang='lat' dir='ltr'><strong><em>Hans</em></strong></span> <span class='ocrx_word' id='word_1_29' title='bbox 978 959 1126 1054; x_wconf 81' lang='lat' dir='ltr'><strong><em>qaidem</em></strong></span> <span class='ocrx_word' id='word_1_30' title='bbox 1147 983 1358 1032; x_wconf 88' lang='lat' dir='ltr'><strong><em>sermonem</em></strong></span> <span class='ocrx_word' id='word_1_31' title='bbox 1392 959 1448 1029; x_wconf 85' lang='lat' dir='ltr'><strong><em>od</em></strong></span> <span class='ocrx_word' id='word_1_32' title='bbox 1472 981 1599 1052; x_wconf 85' lang='lat' dir='ltr'><strong><em>regem</em></strong></span> <span class='ocrx_word' id='word_1_33' title='bbox 1630 958 1807 1028; x_wconf 81' lang='lat' dir='ltr'><strong><em>retulere.</em></strong></span> 
     </span>
     <span class='ocr_line' id='line_1_5' title="bbox 182 1061 1808 1189; baseline -0.002 -27"><span class='ocrx_word' id='word_1_34' title='bbox 182 1089 262 1162; x_wconf 88' lang='lat' dir='ltr'><strong><em>Ille</em></strong></span> <span class='ocrx_word' id='word_1_35' title='bbox 286 1113 377 1162; x_wconf 80' lang='lat' dir='ltr'><strong><em>vero</em></strong></span> <span class='ocrx_word' id='word_1_36' title='bbox 404 1091 463 1163; x_wconf 86' lang='lat' dir='ltr'><strong><em>ita</em></strong></span> <span class='ocrx_word' id='word_1_37' title='bbox 469 1091 563 1182; x_wconf 87' lang='lat' dir='ltr'><strong><em>fere</em></strong></span> <span class='ocrx_word' id='word_1_38' title='bbox 578 1091 804 1187; x_wconf 82' lang='lat' dir='ltr'><strong><em>respondit:</em></strong></span> <span class='ocrx_word' id='word_1_39' title='bbox 831 1061 946 1181; x_wconf 76' lang='lat' dir='ltr'><strong><em>neiis,</em></strong></span> <span class='ocrx_word' id='word_1_40' title='bbox 973 1091 1111 1164; x_wconf 85' lang='lat' dir='ltr'><strong><em>Belli!</em></strong></span> <span class='ocrx_word' id='word_1_41' title='bbox 1137 1092 1288 1162; x_wconf 82' lang='lat' dir='ltr'><strong><em>diutins</em></strong></span> <span class='ocrx_word' id='word_1_42' title='bbox 1311 1095 1425 1189; x_wconf 81' lang='lat' dir='ltr'><strong><em>apud</em></strong></span> <span class='ocrx_word' id='word_1_43' title='bbox 1449 1113 1519 1163; x_wconf 86' lang='lat' dir='ltr'><strong><em>nos</em></strong></span> <span class='ocrx_word' id='word_1_44' title='bbox 1548 1087 1808 1161; x_wconf 82' lang='lat' dir='ltr'><strong><em>commorari?</em></strong></span> 
     </span>
     <span class='ocr_line' id='line_1_6' title="bbox 181 1201 1879 1321; baseline -0.001 -25"><span class='ocrx_word' id='word_1_45' title='bbox 181 1223 322 1296; x_wconf 79' lang='lat' dir='ltr'><strong><em>mettas</em></strong></span> <span class='ocrx_word' id='word_1_46' title='bbox 339 1223 439 1295; x_wconf 76' lang='lat' dir='ltr'><strong><em>milti</em></strong></span> <span class='ocrx_word' id='word_1_47' title='bbox 450 1224 601 1319; x_wconf 74' lang='lat' dir='ltr'><strong><em>qvidem</em></strong></span> <span class='ocrx_word' id='word_1_48' title='bbox 621 1224 840 1317; x_wconf 76' lang='lat' dir='ltr'><strong><em>videretur,</em></strong></span> <span class='ocrx_word' id='word_1_49' title='bbox 872 1223 908 1296; x_wconf 89' lang='lat' dir='ltr'><strong><em>si</em></strong></span> <span class='ocrx_word' id='word_1_50' title='bbox 923 1247 998 1320; x_wconf 83' lang='lat' dir='ltr'><strong><em>per</em></strong></span> <span class='ocrx_word' id='word_1_51' title='bbox 1012 1220 1260 1320; x_wconf 78' lang='lat' dir='ltr'><strong><em>aliqadntnm</em></strong></span> <span class='ocrx_word' id='word_1_52' title='bbox 1279 1228 1468 1321; x_wconf 83' lang='lat' dir='ltr'><strong><em>temporis</em></strong></span> <span class='ocrx_word' id='word_1_53' title='bbox 1488 1227 1601 1321; x_wconf 81' lang='lat' dir='ltr'><strong><em>apud</em></strong></span> <span class='ocrx_word' id='word_1_54' title='bbox 1612 1235 1672 1295; x_wconf 81' lang='lat' dir='ltr'><strong><em>m‘e</em></strong></span> <span class='ocrx_word' id='word_1_55' title='bbox 1688 1227 1807 1318; x_wconf 84' lang='lat' dir='ltr'><strong><em>dege-</em></strong></span> <span class='ocrx_word' id='word_1_56' title='bbox 1832 1221 1836 1228; x_wconf 82' lang='grc'><strong><em>’</em></strong></span> <span class='ocrx_word' id='word_1_57' title='bbox 1875 1201 1879 1208; x_wconf 40' lang='grc'><strong>’</strong></span> 
     </span>
     <span class='ocr_line' id='line_1_7' title="bbox 181 1356 1806 1454; baseline -0.001 -26"><span class='ocrx_word' id='word_1_58' title='bbox 181 1381 257 1429; x_wconf 89' lang='lat' dir='ltr'><strong><em>res.</em></strong></span> <span class='ocrx_word' id='word_1_59' title='bbox 314 1356 400 1430; x_wconf 84' lang='lat' dir='ltr'><strong><em>Tibi</em></strong></span> <span class='ocrx_word' id='word_1_60' title='bbox 415 1367 511 1428; x_wconf 74' lang='lat' dir='ltr'><strong><em>sene</em></strong></span> <span class='ocrx_word' id='word_1_61' title='bbox 529 1357 629 1428; x_wconf 88' lang='lat' dir='ltr'><strong><em>idem</em></strong></span> <span class='ocrx_word' id='word_1_62' title='bbox 646 1357 977 1448; x_wconf 73' lang='lat' dir='ltr'><strong><em>honorisnomen,</em></strong></span> <span class='ocrx_word' id='word_1_63' title='bbox 1004 1361 1105 1454; x_wconf 80' lang='lat' dir='ltr'><strong><em>qaod</em></strong></span> <span class='ocrx_word' id='word_1_64' title='bbox 1127 1383 1197 1454; x_wconf 86' lang='lat' dir='ltr'><strong><em>ego</em></strong></span> <span class='ocrx_word' id='word_1_65' title='bbox 1213 1360 1350 1450; x_wconf 87' lang='lat' dir='ltr'><strong><em>fratri</em></strong></span> <span class='ocrx_word' id='word_1_66' title='bbox 1376 1372 1442 1430; x_wconf 86' lang='lat' dir='ltr'><strong><em>tao</em></strong></span> <span class='ocrx_word' id='word_1_67' title='bbox 1474 1359 1679 1430; x_wconf 84' lang='lat' dir='ltr'><strong><em>leorleiko</em></strong></span> <span class='ocrx_word' id='word_1_68' title='bbox 1704 1356 1806 1445; x_wconf 87' lang='lat' dir='ltr'><strong><em>dedi,</em></strong></span> 
     </span>
     <span class='ocr_line' id='line_1_8' title="bbox 183 1489 1805 1590; baseline 0.002 -31"><span class='ocrx_word' id='word_1_69' title='bbox 183 1489 365 1562; x_wconf 76' lang='lat' dir='ltr'><strong><em>tribuam.</em></strong></span> <span class='ocrx_word' id='word_1_70' title='bbox 423 1492 531 1564; x_wconf 70' lang='lat' dir='ltr'><strong><em>{lieno</em></strong></span> <span class='ocrx_word' id='word_1_71' title='bbox 549 1492 755 1587; x_wconf 82' lang='lat' dir='ltr'><strong><em>respondit</em></strong></span> <span class='ocrx_word' id='word_1_72' title='bbox 769 1492 952 1565; x_wconf 84' lang='lat' dir='ltr'><strong><em>Bellias:</em></strong></span> <span class='ocrx_word' id='word_1_73' title='bbox 977 1491 1112 1564; x_wconf 79' lang='lat' dir='ltr'><strong><em>tabens</em></strong></span> <span class='ocrx_word' id='word_1_74' title='bbox 1128 1493 1291 1590; x_wconf 81' lang='lat' dir='ltr'><strong><em>qeidem,</em></strong></span> <span class='ocrx_word' id='word_1_75' title='bbox 1319 1493 1498 1564; x_wconf 87' lang='lat' dir='ltr'><strong><em>domine!</em></strong></span> <span class='ocrx_word' id='word_1_76' title='bbox 1524 1491 1595 1564; x_wconf 85' lang='lat' dir='ltr'><strong><em>tibi</em></strong></span> <span class='ocrx_word' id='word_1_77' title='bbox 1609 1494 1805 1588; x_wconf 83' lang='lat' dir='ltr'><strong><em>adjunge-</em></strong></span> 
     </span>
     <span class='ocr_line' id='line_1_9' title="bbox 181 1625 1803 1724; baseline -0.001 -28"><span class='ocrx_word' id='word_1_78' title='bbox 181 1647 271 1716; x_wconf 71' lang='lat' dir='ltr'><strong><em>ret,</em></strong></span> <span class='ocrx_word' id='word_1_79' title='bbox 297 1649 431 1697; x_wconf 80' lang='lat' dir='ltr'><strong><em>veram</em></strong></span> <span class='ocrx_word' id='word_1_80' title='bbox 449 1626 709 1722; x_wconf 84' lang='lat' dir='ltr'><strong><em>tomenprias</em></strong></span> <span class='ocrx_word' id='word_1_81' title='bbox 734 1651 798 1714; x_wconf 88' lang='lat' dir='ltr'><strong><em>eo,</em></strong></span> <span class='ocrx_word' id='word_1_82' title='bbox 825 1651 895 1724; x_wconf 81' lang='lat' dir='ltr'><strong><em>qao</em></strong></span> <span class='ocrx_word' id='word_1_83' title='bbox 917 1625 1127 1716; x_wconf 84' lang='lat' dir='ltr'><strong><em>constitui,</em></strong></span> <span class='ocrx_word' id='word_1_84' title='bbox 1163 1653 1300 1724; x_wconf 76' lang='lat' dir='ltr'><strong><em>qvoqve</em></strong></span> <span class='ocrx_word' id='word_1_85' title='bbox 1323 1626 1454 1700; x_wconf 78' lang='lat' dir='ltr'><strong><em>venire</em></strong></span> <span class='ocrx_word' id='word_1_86' title='bbox 1479 1625 1548 1694; x_wconf 84' lang='lat' dir='ltr'><strong><em>din</em></strong></span> <span class='ocrx_word' id='word_1_87' title='bbox 1574 1625 1803 1707; x_wconf 77' lang='lat' dir='ltr'><strong><em>desideravi,</em></strong></span> 
     </span>
     <span class='ocr_line' id='line_1_10' title="bbox 176 1758 1804 1856; baseline -0.002 -26"><span class='ocrx_word' id='word_1_88' title='bbox 176 1759 513 1856; x_wconf 69' lang='lat' dir='ltr'><strong><em>proficiscimini,</em></strong></span> <span class='ocrx_word' id='word_1_89' title='bbox 548 1758 724 1830; x_wconf 81' lang='lat' dir='ltr'><strong><em>oblatam</em></strong></span> <span class='ocrx_word' id='word_1_90' title='bbox 748 1771 879 1832; x_wconf 85' lang='lat' dir='ltr'><strong><em>antem</em></strong></span> <span class='ocrx_word' id='word_1_91' title='bbox 903 1759 1164 1834; x_wconf 87' lang='lat' dir='ltr'><strong><em>conditionem</em></strong></span> <span class='ocrx_word' id='word_1_92' title='bbox 1189 1760 1324 1833; x_wconf 83' lang='lat' dir='ltr'><strong><em>tabens</em></strong></span> <span class='ocrx_word' id='word_1_93' title='bbox 1347 1759 1566 1854; x_wconf 81' lang='lat' dir='ltr'><strong><em>accipiam,</em></strong></span> <span class='ocrx_word' id='word_1_94' title='bbox 1613 1759 1648 1830; x_wconf 89' lang='lat' dir='ltr'><strong><em>si</em></strong></span> <span class='ocrx_word' id='word_1_95' title='bbox 1675 1758 1804 1840; x_wconf 90' lang='lat' dir='ltr'><strong><em>redire</em></strong></span> 
     </span>
     <span class='ocr_line' id='line_1_11' title="bbox 180 1883 1839 1990; baseline -0.004 -24"><span class='ocrx_word' id='word_1_96' title='bbox 180 1896 389 1990; x_wconf 85' lang='lat' dir='ltr'><strong><em>continget.</em></strong></span> <span class='ocrx_word' id='word_1_97' title='bbox 425 1896 512 1966; x_wconf 80' lang='lat' dir='ltr'><strong><em>Rex</em></strong></span> <span class='ocrx_word' id='word_1_98' title='bbox 528 1892 651 1966; x_wconf 77' lang='lat' dir='ltr'><strong><em>dixit:</em></strong></span> <span class='ocrx_word' id='word_1_99' title='bbox 677 1883 802 1964; x_wconf 79' lang='lat' dir='ltr'><strong><em>litera</em></strong></span> <span class='ocrx_word' id='word_1_100' title='bbox 819 1892 894 1964; x_wconf 84' lang='lat' dir='ltr'><strong><em>tibi</em></strong></span> <span class='ocrx_word' id='word_1_101' title='bbox 910 1893 987 1966; x_wconf 91' lang='lat' dir='ltr'><strong><em>erit</em></strong></span> <span class='ocrx_word' id='word_1_102' title='bbox 1001 1889 1183 1986; x_wconf 80' lang='lat' dir='ltr'><strong><em>potestas</em></strong></span> <span class='ocrx_word' id='word_1_103' title='bbox 1201 1893 1348 1964; x_wconf 89' lang='lat' dir='ltr'><strong><em>itinera</em></strong></span> <span class='ocrx_word' id='word_1_104' title='bbox 1375 1905 1445 1963; x_wconf 87' lang='lat' dir='ltr'><strong><em>tao</em></strong></span> <span class='ocrx_word' id='word_1_105' title='bbox 1455 1892 1652 1983; x_wconf 85' lang='lat' dir='ltr'><strong><em>faciendi,</em></strong></span> <span class='ocrx_word' id='word_1_106' title='bbox 1668 1889 1804 1961; x_wconf 75' lang='lat' dir='ltr'><strong><em>Batti!</em></strong></span> <span class='ocrx_word' id='word_1_107' title='bbox 1834 1925 1839 1932; x_wconf 92' lang='lat'><em>·</em></span> 
     </span>
     <span class='ocr_line' id='line_1_12' title="bbox 177 2025 1806 2122; baseline -0.006 -20"><span class='ocrx_word' id='word_1_108' title='bbox 177 2055 245 2102; x_wconf 81' lang='lat' dir='ltr'><strong><em>vos</em></strong></span> <span class='ocrx_word' id='word_1_109' title='bbox 257 2031 359 2102; x_wconf 88' lang='lat' dir='ltr'><strong><em>enim</em></strong></span> <span class='ocrx_word' id='word_1_110' title='bbox 377 2026 537 2102; x_wconf 80' lang='lat' dir='ltr'><strong><em>lelandi</em></strong></span> <span class='ocrx_word' id='word_1_111' title='bbox 549 2025 733 2122; x_wconf 83' lang='lat' dir='ltr'><strong><em>propriis</em></strong></span> <span class='ocrx_word' id='word_1_112' title='bbox 744 2027 976 2121; x_wconf 83' lang='lat' dir='ltr'><strong><em>plerumqae</em></strong></span> <span class='ocrx_word' id='word_1_113' title='bbox 991 2025 1168 2096; x_wconf 78' lang='lat' dir='ltr'><strong><em>consiliis</em></strong></span> <span class='ocrx_word' id='word_1_114' title='bbox 1190 2026 1283 2096; x_wconf 88' lang='lat' dir='ltr'><strong><em>estis</em></strong></span> <span class='ocrx_word' id='word_1_115' title='bbox 1289 2026 1396 2116; x_wconf 83' lang='lat' dir='ltr'><strong><em>freti</em></strong></span> <span class='ocrx_word' id='word_1_116' title='bbox 1403 2051 1418 2117; x_wconf 89' lang='lat'><strong><em>,·</em></strong></span> <span class='ocrx_word' id='word_1_117' title='bbox 1445 2028 1527 2095; x_wconf 82' lang='lat' dir='ltr'><strong><em>tale</em></strong></span> <span class='ocrx_word' id='word_1_118' title='bbox 1544 2037 1674 2096; x_wconf 88' lang='lat' dir='ltr'><strong><em>tamen</em></strong></span> <span class='ocrx_word' id='word_1_119' title='bbox 1698 2026 1745 2094; x_wconf 90' lang='lat' dir='ltr'><strong><em>de</em></strong></span> <span class='ocrx_word' id='word_1_120' title='bbox 1767 2036 1806 2094; x_wconf 93' lang='lat' dir='ltr'><strong><em>te</em></strong></span> 
     </span>
     <span class='ocr_line' id='line_1_13' title="bbox 164 2127 1801 2257; baseline -0.005 -23"><span class='ocrx_word' id='word_1_121' title='bbox 164 2127 532 2257; x_wconf 78' lang='lat' dir='ltr'><strong><em>&#39;feramjadiaiam,</em></strong></span> <span class='ocrx_word' id='word_1_122' title='bbox 561 2160 700 2234; x_wconf 84' lang='lat' dir='ltr'><strong><em>Bolli!</em></strong></span> <span class='ocrx_word' id='word_1_123' title='bbox 734 2172 770 2230; x_wconf 90' lang='lat' dir='ltr'><strong><em>te</em></strong></span> <span class='ocrx_word' id='word_1_124' title='bbox 791 2159 889 2244; x_wconf 77' lang='lat' dir='ltr'><strong><em>milti</em></strong></span> <span class='ocrx_word' id='word_1_125' title='bbox 911 2157 1220 2254; x_wconf 80' lang='lat' dir='ltr'><strong><em>insignissimum</em></strong></span> <span class='ocrx_word' id='word_1_126' title='bbox 1240 2159 1366 2232; x_wconf 77' lang='lat' dir='ltr'><strong><em>visum</em></strong></span> <span class='ocrx_word' id='word_1_127' title='bbox 1388 2181 1541 2246; x_wconf 83' lang='lat' dir='ltr'><strong><em>eoram,</em></strong></span> <span class='ocrx_word' id='word_1_128' title='bbox 1574 2158 1639 2254; x_wconf 80' lang='lat' dir='ltr'><strong><em>qai</em></strong></span> <span class='ocrx_word' id='word_1_129' title='bbox 1663 2169 1801 2228; x_wconf 86' lang='lat' dir='ltr'><strong><em>nostra</em></strong></span> 
     </span>
     <span class='ocr_line' id='line_1_14' title="bbox 179 2291 1802 2388; baseline -0.006 -20"><span class='ocrx_word' id='word_1_130' title='bbox 179 2309 300 2368; x_wconf 84' lang='lat' dir='ltr'><strong><em>oetate</em></strong></span> <span class='ocrx_word' id='word_1_131' title='bbox 322 2321 369 2367; x_wconf 80' lang='lat' dir='ltr'><strong><em>ese</em></strong></span> <span class='ocrx_word' id='word_1_132' title='bbox 383 2295 570 2367; x_wconf 87' lang='lat' dir='ltr'><strong><em>Isiandia</em></strong></span> <span class='ocrx_word' id='word_1_133' title='bbox 590 2295 826 2368; x_wconf 75' lang='lat' dir='ltr'><strong><em>devenerint.</em></strong></span> <span class='ocrx_word' id='word_1_134' title='bbox 879 2293 1038 2366; x_wconf 84' lang='lat' dir='ltr'><strong><em>Boliius</em></strong></span> <span class='ocrx_word' id='word_1_135' title='bbox 1057 2316 1083 2363; x_wconf 88' lang='lat' dir='ltr'><strong><em>a</em></strong></span> <span class='ocrx_word' id='word_1_136' title='bbox 1103 2315 1192 2386; x_wconf 84' lang='lat' dir='ltr'><strong><em>rege</em></strong></span> <span class='ocrx_word' id='word_1_137' title='bbox 1201 2291 1479 2388; x_wconf 82' lang='lat' dir='ltr'><strong><em>proficiscendi</em></strong></span> <span class='ocrx_word' id='word_1_138' title='bbox 1493 2304 1635 2364; x_wconf 82' lang='lat' dir='ltr'><strong><em>nectos</em></strong></span> <span class='ocrx_word' id='word_1_139' title='bbox 1647 2291 1802 2364; x_wconf 77' lang='lat' dir='ltr'><strong><em>veniam</em></strong></span> 
     </span>
     <span class='ocr_line' id='line_1_15' title="bbox 179 2401 1803 2526; baseline -0.005 -24"><span class='ocrx_word' id='word_1_140' title='bbox 179 2433 236 2502; x_wconf 87' lang='lat' dir='ltr'><strong><em>nd</em></strong></span> <span class='ocrx_word' id='word_1_141' title='bbox 248 2430 325 2503; x_wconf 84' lang='lat' dir='ltr'><strong><em>iter</em></strong></span> <span class='ocrx_word' id='word_1_142' title='bbox 342 2455 423 2504; x_wconf 86' lang='lat' dir='ltr'><strong><em>sese</em></strong></span> <span class='ocrx_word' id='word_1_143' title='bbox 424 2429 607 2526; x_wconf 77' lang='lat' dir='ltr'><strong><em>paravit,</em></strong></span> <span class='ocrx_word' id='word_1_144' title='bbox 616 2426 1332 2526; x_wconf 61' lang='lat' dir='ltr'><strong><em>conscenditque,naaimmsroatoriom</em></strong></span> <span class='ocrx_word' id='word_1_145' title='bbox 1342 2425 1390 2524; x_wconf 83' lang='lat'><strong><em>*),</em></strong></span> <span class='ocrx_word' id='word_1_146' title='bbox 1411 2401 1665 2498; x_wconf 86' lang='lat' dir='ltr'><strong><em>oaiDoniam</em></strong></span> <span class='ocrx_word' id='word_1_147' title='bbox 1688 2418 1803 2496; x_wconf 85' lang='lat' dir='ltr'><strong><em>adire</em></strong></span> 
     </span>
     <span class='ocr_line' id='line_1_16' title="bbox 176 2559 1800 2658; baseline -0.005 -22"><span class='ocrx_word' id='word_1_148' title='bbox 176 2564 434 2640; x_wconf 78' lang='lat' dir='ltr'><strong><em>constitutum</em></strong></span> <span class='ocrx_word' id='word_1_149' title='bbox 450 2577 550 2638; x_wconf 84' lang='lat' dir='ltr'><strong><em>erat.</em></strong></span> <span class='ocrx_word' id='word_1_150' title='bbox 587 2563 747 2637; x_wconf 76' lang='lat' dir='ltr'><strong><em>Baitios</em></strong></span> <span class='ocrx_word' id='word_1_151' title='bbox 763 2585 811 2632; x_wconf 84' lang='lat' dir='ltr'><strong><em>ea</em></strong></span> <span class='ocrx_word' id='word_1_152' title='bbox 825 2559 963 2658; x_wconf 77' lang='lat' dir='ltr'><strong><em>hyeme</em></strong></span> <span class='ocrx_word' id='word_1_153' title='bbox 978 2559 1170 2636; x_wconf 81' lang='lat' dir='ltr'><strong><em>inDania</em></strong></span> <span class='ocrx_word' id='word_1_154' title='bbox 1189 2559 1442 2656; x_wconf 83' lang='lat' dir='ltr'><strong><em>morabotar3</em></strong></span> <span class='ocrx_word' id='word_1_155' title='bbox 1480 2561 1609 2632; x_wconf 81' lang='lat' dir='ltr'><strong><em>matta</em></strong></span> <span class='ocrx_word' id='word_1_156' title='bbox 1633 2559 1800 2630; x_wconf 88' lang='lat' dir='ltr'><strong><em>illitam</em></strong></span> 
     </span>
     <span class='ocr_line' id='line_1_17' title="bbox 180 2688 1922 2796; baseline -0.003 -28"><span class='ocrx_word' id='word_1_157' title='bbox 180 2721 299 2794; x_wconf 84' lang='lat' dir='ltr'><strong><em>apum</em></strong></span> <span class='ocrx_word' id='word_1_158' title='bbox 323 2698 401 2786; x_wconf 81' lang='lat' dir='ltr'><strong><em>ais,</em></strong></span> <span class='ocrx_word' id='word_1_159' title='bbox 436 2688 557 2772; x_wconf 87' lang='lat' dir='ltr'><strong><em>etiam</em></strong></span> <span class='ocrx_word' id='word_1_160' title='bbox 576 2697 731 2795; x_wconf 83' lang='lat' dir='ltr'><strong><em>qvidam</em></strong></span> <span class='ocrx_word' id='word_1_161' title='bbox 751 2696 906 2796; x_wconf 85' lang='lat' dir='ltr'><strong><em>itineris</em></strong></span> <span class='ocrx_word' id='word_1_162' title='bbox 922 2695 1117 2768; x_wconf 84' lang='lat' dir='ltr'><strong><em>sociorum</em></strong></span> <span class='ocrx_word' id='word_1_163' title='bbox 1145 2719 1231 2768; x_wconf 84' lang='lat' dir='ltr'><strong><em>sum</em></strong></span> <span class='ocrx_word' id='word_1_164' title='bbox 1246 2695 1379 2767; x_wconf 84' lang='lat' dir='ltr'><strong><em>secuti.</em></strong></span> <span class='ocrx_word' id='word_1_165' title='bbox 1461 2695 1690 2767; x_wconf 81' lang='lat' dir='ltr'><strong><em>Titorleikas</em></strong></span> <span class='ocrx_word' id='word_1_166' title='bbox 1718 2703 1801 2764; x_wconf 86' lang='lat' dir='ltr'><strong><em>tam</em></strong></span> <span class='ocrx_word' id='word_1_167' title='bbox 1917 2787 1922 2796; x_wconf 17' lang='grc' dir='ltr'>ι</span> 
     </span>
     <span class='ocr_line' id='line_1_18' title="bbox 177 2791 1801 2929; baseline -0.002 -27"><span class='ocrx_word' id='word_1_168' title='bbox 177 2833 290 2929; x_wconf 77' lang='lat' dir='ltr'><strong><em>apud</em></strong></span> <span class='ocrx_word' id='word_1_169' title='bbox 313 2855 441 2926; x_wconf 87' lang='lat' dir='ltr'><strong><em>regem</em></strong></span> <span class='ocrx_word' id='word_1_170' title='bbox 461 2834 626 2905; x_wconf 79' lang='lat' dir='ltr'><strong><em>Olaaam</em></strong></span> <span class='ocrx_word' id='word_1_171' title='bbox 655 2829 857 2902; x_wconf 74' lang='lat' dir='ltr'><strong><em>remansit.</em></strong></span> <span class='ocrx_word' id='word_1_172' title='bbox 925 2828 1085 2899; x_wconf 83' lang='lat' dir='ltr'><strong><em>Bellias</em></strong></span> <span class='ocrx_word' id='word_1_173' title='bbox 1108 2841 1241 2900; x_wconf 87' lang='lat' dir='ltr'><strong><em>autem</em></strong></span> <span class='ocrx_word' id='word_1_174' title='bbox 1268 2852 1379 2900; x_wconf 83' lang='lat' dir='ltr'><strong><em>snum</em></strong></span> <span class='ocrx_word' id='word_1_175' title='bbox 1401 2826 1650 2902; x_wconf 75' lang='lat' dir='ltr'><strong><em>continuavit</em></strong></span> <span class='ocrx_word' id='word_1_176' title='bbox 1670 2791 1801 2898; x_wconf 82' lang='lat' dir='ltr'><strong><em>iter&amp;</em></strong></span> 
     </span>
     <span class='ocr_line' id='line_1_19' title="bbox 178 2960 1876 3061; baseline -0.004 -24"><span class='ocrx_word' id='word_1_177' title='bbox 178 2963 389 3061; x_wconf 67' lang='lat' dir='ltr'><strong><em>ubicunque</em></strong></span> <span class='ocrx_word' id='word_1_178' title='bbox 402 2964 560 3052; x_wconf 74' lang='lat' dir='ltr'><strong><em>venit,a</em></strong></span> <span class='ocrx_word' id='word_1_179' title='bbox 573 2962 801 3058; x_wconf 67' lang='lat' dir='ltr'><strong><em>potentibus</em></strong></span> <span class='ocrx_word' id='word_1_180' title='bbox 817 2961 1059 3057; x_wconf 78' lang='lat' dir='ltr'><strong><em>eirismagni</em></strong></span> <span class='ocrx_word' id='word_1_181' title='bbox 1072 2965 1294 3036; x_wconf 79' lang='lat' dir='ltr'><strong><em>aestimatas</em></strong></span> <span class='ocrx_word' id='word_1_182' title='bbox 1307 2975 1376 3033; x_wconf 87' lang='lat' dir='ltr'><strong><em>est.</em></strong></span> <span class='ocrx_word' id='word_1_183' title='bbox 1430 2960 1820 3060; x_wconf 33' lang='lat' dir='ltr'><strong><em>QettmqeeBollias·</em></strong></span> <span class='ocrx_word' id='word_1_184' title='bbox 1871 3005 1876 3014; x_wconf 91' lang='lat'><strong>·</strong></span> 
     </span>
     <span class='ocr_line' id='line_1_20' title="bbox 176 3093 1801 3194; baseline -0.004 -24"><span class='ocrx_word' id='word_1_185' title='bbox 176 3099 351 3194; x_wconf 77' lang='lat' dir='ltr'><strong><em>hyemem</em></strong></span> <span class='ocrx_word' id='word_1_186' title='bbox 368 3100 411 3168; x_wconf 87' lang='lat' dir='ltr'><strong><em>in</em></strong></span> <span class='ocrx_word' id='word_1_187' title='bbox 428 3098 568 3170; x_wconf 88' lang='lat' dir='ltr'><strong><em>Dania</em></strong></span> <span class='ocrx_word' id='word_1_188' title='bbox 586 3095 854 3190; x_wconf 73' lang='lat' dir='ltr'><strong><em>transegisset,</em></strong></span> <span class='ocrx_word' id='word_1_189' title='bbox 866 3098 923 3166; x_wconf 93' lang='lat' dir='ltr'><strong><em>ad</em></strong></span> <span class='ocrx_word' id='word_1_190' title='bbox 938 3097 1165 3168; x_wconf 86' lang='lat' dir='ltr'><strong><em>remotiores</em></strong></span> <span class='ocrx_word' id='word_1_191' title='bbox 1183 3096 1359 3192; x_wconf 83' lang='lat' dir='ltr'><strong><em>regiones</em></strong></span> <span class='ocrx_word' id='word_1_192' title='bbox 1375 3097 1490 3166; x_wconf 84' lang='lat' dir='ltr'><strong><em>adire</em></strong></span> <span class='ocrx_word' id='word_1_193' title='bbox 1500 3096 1679 3191; x_wconf 81' lang='lat' dir='ltr'><strong><em>paravit,</em></strong></span> <span class='ocrx_word' id='word_1_194' title='bbox 1690 3093 1801 3165; x_wconf 74' lang='lat' dir='ltr'><strong><em>haud</em></strong></span> 
     </span>
     <span class='ocr_line' id='line_1_21' title="bbox 176 3225 1800 3333; baseline -0.005 -29"><span class='ocrx_word' id='word_1_195' title='bbox 176 3234 319 3305; x_wconf 87' lang='lat' dir='ltr'><strong><em>itinere</em></strong></span> <span class='ocrx_word' id='word_1_196' title='bbox 337 3230 550 3333; x_wconf 78' lang='lat' dir='ltr'><strong><em>desistebat</em></strong></span> <span class='ocrx_word' id='word_1_197' title='bbox 556 3231 676 3326; x_wconf 84' lang='lat' dir='ltr'><strong><em>prins</em></strong></span> <span class='ocrx_word' id='word_1_198' title='bbox 696 3253 812 3326; x_wconf 81' lang='lat' dir='ltr'><strong><em>qoam</em></strong></span> <span class='ocrx_word' id='word_1_199' title='bbox 838 3229 1141 3324; x_wconf 83' lang='lat' dir='ltr'><strong><em>Miklagardam</em></strong></span> <span class='ocrx_word' id='word_1_200' title='bbox 1165 3225 1583 3324; x_wconf 84' lang='lat' dir='ltr'><strong><em>(Constantinopolim)</em></strong></span> <span class='ocrx_word' id='word_1_201' title='bbox 1609 3227 1800 3324; x_wconf 78' lang='lat' dir='ltr'><strong><em>perveni-</em></strong></span> 
     </span>
     <span class='ocr_line' id='line_1_22' title="bbox 176 3361 1799 3462; baseline -0.007 -22"><span class='ocrx_word' id='word_1_202' title='bbox 176 3382 260 3462; x_wconf 86' lang='lat' dir='ltr'><strong><em>ret,·</em></strong></span> <span class='ocrx_word' id='word_1_203' title='bbox 285 3367 391 3442; x_wconf 75' lang='lat' dir='ltr'><strong><em>brevi</em></strong></span> <span class='ocrx_word' id='word_1_204' title='bbox 412 3364 620 3458; x_wconf 86' lang='lat' dir='ltr'><strong><em>ibifaerat</em></strong></span> <span class='ocrx_word' id='word_1_205' title='bbox 633 3374 832 3450; x_wconf 83' lang='lat' dir='ltr'><strong><em>moratus,</em></strong></span> <span class='ocrx_word' id='word_1_206' title='bbox 860 3385 971 3460; x_wconf 80' lang='lat' dir='ltr'><strong><em>qvam</em></strong></span> <span class='ocrx_word' id='word_1_207' title='bbox 988 3364 1031 3436; x_wconf 91' lang='lat' dir='ltr'><em>V</em></span> <span class='ocrx_word' id='word_1_208' title='bbox 1028 3362 1267 3458; x_wconf 83' lang='lat' dir='ltr'><strong><em>oeringoram</em></strong></span> <span class='ocrx_word' id='word_1_209' title='bbox 1286 3364 1405 3435; x_wconf 88' lang='lat' dir='ltr'><strong><em>iniret</em></strong></span> <span class='ocrx_word' id='word_1_210' title='bbox 1422 3361 1658 3434; x_wconf 86' lang='lat' dir='ltr'><strong><em>societatem.</em></strong></span> <span class='ocrx_word' id='word_1_211' title='bbox 1718 3361 1799 3432; x_wconf 86' lang='lat' dir='ltr'><strong><em>Nec</em></strong></span> 
     </span>
     <span class='ocr_line' id='line_1_23' title="bbox 176 3495 1799 3598; baseline -0.006 -24"><span class='ocrx_word' id='word_1_212' title='bbox 176 3501 289 3576; x_wconf 84' lang='lat' dir='ltr'><strong><em>nobis</em></strong></span> <span class='ocrx_word' id='word_1_213' title='bbox 307 3502 456 3598; x_wconf 79' lang='lat' dir='ltr'><strong><em>qvidem</em></strong></span> <span class='ocrx_word' id='word_1_214' title='bbox 477 3501 648 3571; x_wconf 84' lang='lat' dir='ltr'><strong><em>relatam</em></strong></span> <span class='ocrx_word' id='word_1_215' title='bbox 663 3509 732 3587; x_wconf 85' lang='lat' dir='ltr'><strong><em>est,</em></strong></span> <span class='ocrx_word' id='word_1_216' title='bbox 760 3499 1078 3572; x_wconf 86' lang='lat' dir='ltr'><strong><em>Narmannornm</em></strong></span> <span class='ocrx_word' id='word_1_217' title='bbox 1094 3498 1261 3594; x_wconf 82' lang='lat' dir='ltr'><strong><em>aliqvem</em></strong></span> <span class='ocrx_word' id='word_1_218' title='bbox 1277 3497 1347 3568; x_wconf 82' lang='lat' dir='ltr'><strong><em>sub</em></strong></span> <span class='ocrx_word' id='word_1_219' title='bbox 1357 3495 1799 3595; x_wconf 83' lang='lat' dir='ltr'><strong><em>Constantinopolitano</em></strong></span> 
     </span>
     <span class='ocr_line' id='line_1_24' title="bbox 120 3629 1799 3734; baseline -0.005 -25"><span class='ocrx_word' id='word_1_220' title='bbox 120 3706 122 3709; x_wconf 83' lang='grc'><strong>,</strong></span> <span class='ocrx_word' id='word_1_221' title='bbox 177 3661 267 3734; x_wconf 88' lang='lat' dir='ltr'><strong><em>rege</em></strong></span> <span class='ocrx_word' id='word_1_222' title='bbox 283 3636 470 3706; x_wconf 81' lang='lat' dir='ltr'><strong><em>meruisse</em></strong></span> <span class='ocrx_word' id='word_1_223' title='bbox 480 3635 597 3728; x_wconf 85' lang='lat' dir='ltr'><strong><em>prins</em></strong></span> <span class='ocrx_word' id='word_1_224' title='bbox 614 3631 927 3728; x_wconf 81' lang='lat' dir='ltr'><strong><em>qaamBollium,</em></strong></span> <span class='ocrx_word' id='word_1_225' title='bbox 950 3629 1230 3722; x_wconf 84' lang='lat' dir='ltr'><strong><em>Bolliifilium.</em></strong></span> <span class='ocrx_word' id='word_1_226' title='bbox 1282 3631 1440 3704; x_wconf 81' lang='lat' dir='ltr'><strong><em>Multas</em></strong></span> <span class='ocrx_word' id='word_1_227' title='bbox 1459 3629 1512 3700; x_wconf 86' lang='lat' dir='ltr'><strong><em>ibi</em></strong></span> <span class='ocrx_word' id='word_1_228' title='bbox 1528 3629 1633 3725; x_wconf 85' lang='lat' dir='ltr'><strong><em>degit</em></strong></span> <span class='ocrx_word' id='word_1_229' title='bbox 1645 3629 1799 3724; x_wconf 78' lang='lat' dir='ltr'><strong><em>hyemes</em></strong></span> 
     </span>
     <span class='ocr_line' id='line_1_25' title="bbox 177 3763 1799 3863; baseline -0.005 -23"><span class='ocrx_word' id='word_1_230' title='bbox 177 3793 228 3840; x_wconf 86' lang='lat' dir='ltr'><strong><em>ao</em></strong></span> <span class='ocrx_word' id='word_1_231' title='bbox 245 3771 287 3840; x_wconf 92' lang='lat' dir='ltr'><strong><em>in</em></strong></span> <span class='ocrx_word' id='word_1_232' title='bbox 304 3765 479 3841; x_wconf 85' lang='lat' dir='ltr'><strong><em>omnibns</em></strong></span> <span class='ocrx_word' id='word_1_233' title='bbox 493 3763 685 3861; x_wconf 79' lang='lat' dir='ltr'><strong><em>perieulis</em></strong></span> <span class='ocrx_word' id='word_1_234' title='bbox 693 3764 945 3855; x_wconf 87' lang='lat' dir='ltr'><strong><em>fortissimas</em></strong></span> <span class='ocrx_word' id='word_1_235' title='bbox 961 3777 1019 3834; x_wconf 85' lang='lat' dir='ltr'><strong><em>est</em></strong></span> <span class='ocrx_word' id='word_1_236' title='bbox 1037 3765 1210 3854; x_wconf 78' lang='lat' dir='ltr'><strong><em>habitas,</em></strong></span> <span class='ocrx_word' id='word_1_237' title='bbox 1237 3791 1286 3838; x_wconf 86' lang='lat' dir='ltr'><strong><em>ao</em></strong></span> <span class='ocrx_word' id='word_1_238' title='bbox 1303 3789 1457 3863; x_wconf 78' lang='lat' dir='ltr'><strong><em>semper</em></strong></span> <span class='ocrx_word' id='word_1_239' title='bbox 1475 3763 1578 3834; x_wconf 88' lang='lat' dir='ltr'><strong><em>inter</em></strong></span> <span class='ocrx_word' id='word_1_240' title='bbox 1580 3763 1799 3859; x_wconf 84' lang='lat' dir='ltr'><strong><em>principes,</em></strong></span> 
     </span>
     <span class='ocr_line' id='line_1_26' title="bbox 159 3895 1801 3998; baseline -0.006 -22"><span class='ocrx_word' id='word_1_241' title='bbox 159 3898 218 3976; x_wconf 83' lang='lat'><strong><em>.&amp;</em></strong></span> <span class='ocrx_word' id='word_1_242' title='bbox 240 3900 377 3998; x_wconf 87' lang='lat' dir='ltr'><strong><em>magni</em></strong></span> <span class='ocrx_word' id='word_1_243' title='bbox 402 3923 497 3970; x_wconf 86' lang='lat' dir='ltr'><strong><em>sane</em></strong></span> <span class='ocrx_word' id='word_1_244' title='bbox 521 3899 564 3972; x_wconf 91' lang='lat' dir='ltr'><em>V</em></span> <span class='ocrx_word' id='word_1_245' title='bbox 561 3896 703 3992; x_wconf 90' lang='lat' dir='ltr'><strong><em>oeringi</em></strong></span> <span class='ocrx_word' id='word_1_246' title='bbox 725 3897 1209 3988; x_wconf 81' lang='lat' dir='ltr'><strong><em>Bottiamexistimavere,</em></strong></span> <span class='ocrx_word' id='word_1_247' title='bbox 1242 3901 1333 3970; x_wconf 85' lang='lat' dir='ltr'><strong><em>dam</em></strong></span> <span class='ocrx_word' id='word_1_248' title='bbox 1353 3895 1698 3991; x_wconf 81' lang='lat' dir='ltr'><strong><em>Constantinopoli</em></strong></span> <span class='ocrx_word' id='word_1_249' title='bbox 1710 3919 1801 3967; x_wconf 90' lang='lat' dir='ltr'><strong><em>mo-</em></strong></span> 
     </span>
    </p>
   </div>
   <div class='ocr_carea' id='block_1_3' title="bbox 177 4049 349 4112">
    <p class='ocr_par' dir='ltr' id='par_1_3' title="bbox 177 4049 349 4112">
     <span class='ocr_line' id='line_1_27' title="bbox 177 4049 349 4112; baseline -0.012 -2"><span class='ocrx_word' id='word_1_250' title='bbox 177 4049 349 4112; x_wconf 59' lang='lat' dir='ltr'><strong><em>ramilis·</em></strong></span> 
     </span>
    </p>
   </div>
   <div class='ocr_carea' id='block_1_4' title="bbox 799 4135 1260 4282">
    <p class='ocr_par' dir='ltr' id='par_1_4' title="bbox 799 4135 1260 4282">
     <span class='ocr_line' id='line_1_28' title="bbox 799 4135 1260 4282; baseline -0.002 0"><span class='ocrx_word' id='word_1_251' title='bbox 799 4189 930 4282; x_wconf 73' lang='lat' dir='ltr'><strong><em>css.</em></strong></span> <span class='ocrx_word' id='word_1_252' title='bbox 964 4191 1175 4282; x_wconf 73' lang='lat' dir='ltr'><strong>Lxxrv.</strong></span> <span class='ocrx_word' id='word_1_253' title='bbox 1251 4135 1260 4153; x_wconf 50' lang='lat'>‘</span> 
     </span>
    </p>
   </div>
   <div class='ocr_carea' id='block_1_5' title="bbox 170 4319 1801 4612">
    <p class='ocr_par' dir='ltr' id='par_1_5' title="bbox 170 4319 1801 4612">
     <span class='ocr_line' id='line_1_29' title="bbox 378 4319 1800 4457; baseline -0.005 -27"><span class='ocrx_word' id='word_1_254' title='bbox 378 4319 494 4457; x_wconf 79' lang='lat' dir='ltr'><strong><em>Jam</em></strong></span> <span class='ocrx_word' id='word_1_255' title='bbox 511 4357 622 4429; x_wconf 79' lang='lat' dir='ltr'><strong><em>nobis</em></strong></span> <span class='ocrx_word' id='word_1_256' title='bbox 639 4379 700 4427; x_wconf 88' lang='lat' dir='ltr'><strong><em>res</em></strong></span> <span class='ocrx_word' id='word_1_257' title='bbox 720 4357 795 4428; x_wconf 90' lang='lat' dir='ltr'><strong><em>erit</em></strong></span> <span class='ocrx_word' id='word_1_258' title='bbox 813 4359 1041 4453; x_wconf 83' lang='lat' dir='ltr'><strong><em>repetenda,-</em></strong></span> <span class='ocrx_word' id='word_1_259' title='bbox 1067 4355 1133 4427; x_wconf 79' lang='lat' dir='ltr'><strong><em>att</em></strong></span> <span class='ocrx_word' id='word_1_260' title='bbox 1153 4355 1401 4445; x_wconf 70' lang='lat' dir='ltr'><strong><em>Theriodes,</em></strong></span> <span class='ocrx_word' id='word_1_261' title='bbox 1433 4351 1704 4451; x_wconf 82' lang='lat' dir='ltr'><strong><em>Eyolfifiiius,</em></strong></span> <span class='ocrx_word' id='word_1_262' title='bbox 1742 4354 1800 4425; x_wconf 85' lang='lat' dir='ltr'><strong><em>rei</em></strong></span> 
     </span>
     <span class='ocr_line' id='line_1_30' title="bbox 170 4487 1801 4612; baseline -0.008 -43"><span class='ocrx_word' id='word_1_263' title='bbox 170 4495 401 4594; x_wconf 78' lang='lat' dir='ltr'><strong><em>familiaris</em></strong></span> <span class='ocrx_word' id='word_1_264' title='bbox 425 4516 561 4566; x_wconf 86' lang='lat' dir='ltr'><strong><em>curam</em></strong></span> <span class='ocrx_word' id='word_1_265' title='bbox 587 4490 738 4588; x_wconf 75' lang='lat' dir='ltr'><strong><em>qvietus</em></strong></span> <span class='ocrx_word' id='word_1_266' title='bbox 753 4492 887 4588; x_wconf 87' lang='lat' dir='ltr'><strong><em>gessit,</em></strong></span> <span class='ocrx_word' id='word_1_267' title='bbox 913 4505 1030 4589; x_wconf 81' lang='lat' dir='ltr'><strong><em>atqve</em></strong></span> <span class='ocrx_word' id='word_1_268' title='bbox 1044 4491 1306 4586; x_wconf 79' lang='lat' dir='ltr'><strong><em>magistrates</em></strong></span> <span class='ocrx_word' id='word_1_269' title='bbox 1322 4489 1450 4566; x_wconf 82' lang='lat' dir='ltr'><strong><em>simul.</em></strong></span> <span class='ocrx_word' id='word_1_270' title='bbox 1512 4489 1710 4580; x_wconf 77' lang='lat' dir='ltr'><strong><em>Gellerns&#39;,</em></strong></span> <span class='ocrx_word' id='word_1_271' title='bbox 1730 4487 1801 4612; x_wconf 23' lang='lat' dir='ltr'><strong><em>‘it-</em></strong></span> 
     </span>
    </p>
   </div>
   <div class='ocr_carea' id='block_1_6' title="bbox 223 4651 1799 4918">
    <p class='ocr_par' dir='ltr' id='par_1_6' title="bbox 223 4651 1799 4918">
     <span class='ocr_line' id='line_1_31' title="bbox 223 4651 1799 4755; baseline -0.016 -13"><span class='ocrx_word' id='word_1_272' title='bbox 223 4651 268 4750; x_wconf 23' lang='lat'><strong><em>*)&#39;</em></strong></span> <span class='ocrx_word' id='word_1_273' title='bbox 282 4677 411 4752; x_wconf 70' lang='lat' dir='ltr'><strong><em>Kuggnr</em></strong></span> <span class='ocrx_word' id='word_1_274' title='bbox 436 4666 663 4755; x_wconf 76' lang='lat' dir='ltr'><strong><em>(Koggeskibe)</em></strong></span> <span class='ocrx_word' id='word_1_275' title='bbox 682 4673 758 4733; x_wconf 83' lang='lat' dir='ltr'><strong><em>olim</em></strong></span> <span class='ocrx_word' id='word_1_276' title='bbox 780 4671 972 4732; x_wconf 76' lang='lat' dir='ltr'><strong><em>vocabantur</em></strong></span> <span class='ocrx_word' id='word_1_277' title='bbox 996 4691 1092 4730; x_wconf 78' lang='lat' dir='ltr'><strong><em>noves</em></strong></span> <span class='ocrx_word' id='word_1_278' title='bbox 1111 4669 1254 4750; x_wconf 78' lang='lat' dir='ltr'><strong><em>qvoedorn</em></strong></span> <span class='ocrx_word' id='word_1_279' title='bbox 1274 4672 1469 4730; x_wconf 78' lang='lat' dir='ltr'><strong><em>mercatoriae</em></strong></span> <span class='ocrx_word' id='word_1_280' title='bbox 1483 4687 1610 4747; x_wconf 83' lang='lat' dir='ltr'><strong><em>magnoe</em></strong></span> <span class='ocrx_word' id='word_1_281' title='bbox 1624 4664 1799 4730; x_wconf 76' lang='lat' dir='ltr'><strong><em>eastitatis,</em></strong></span> 
     </span>
     <span class='ocr_line' id='line_1_32' title="bbox 273 4745 1798 4836; baseline -0.012 -18"><span class='ocrx_word' id='word_1_282' title='bbox 273 4761 413 4836; x_wconf 82' lang='lat' dir='ltr'><strong><em>illisqve,</em></strong></span> <span class='ocrx_word' id='word_1_283' title='bbox 457 4777 525 4836; x_wconf 79' lang='lat' dir='ltr'><strong><em>qvoe</em></strong></span> <span class='ocrx_word' id='word_1_284' title='bbox 555 4758 591 4814; x_wconf 92' lang='lat' dir='ltr'><strong><em>in</em></strong></span> <span class='ocrx_word' id='word_1_285' title='bbox 615 4755 761 4816; x_wconf 78' lang='lat' dir='ltr'><strong><em>historiis</em></strong></span> <span class='ocrx_word' id='word_1_286' title='bbox 784 4759 962 4835; x_wconf 71' lang='lat' dir='ltr'><strong><em>norvegicis</em></strong></span> <span class='ocrx_word' id='word_1_287' title='bbox 986 4757 1114 4834; x_wconf 81' lang='lat' dir='ltr'><strong><em>passim</em></strong></span> <span class='ocrx_word' id='word_1_288' title='bbox 1146 4752 1246 4814; x_wconf 73' lang='lat' dir='ltr'><strong><em>obsite</em></strong></span> <span class='ocrx_word' id='word_1_289' title='bbox 1269 4751 1575 4818; x_wconf 79' lang='lat' dir='ltr'><strong><em>Austfarsr-Knerir</em></strong></span> <span class='ocrx_word' id='word_1_290' title='bbox 1602 4745 1798 4817; x_wconf 82' lang='lat' dir='ltr'><strong><em>dicebantur,</em></strong></span> 
     </span>
     <span class='ocr_line' id='line_1_33' title="bbox 272 4840 640 4918; baseline -0.008 -17"><span class='ocrx_word' id='word_1_291' title='bbox 272 4843 362 4901; x_wconf 75' lang='lat' dir='ltr'><strong><em>haud</em></strong></span> <span class='ocrx_word' id='word_1_292' title='bbox 376 4861 495 4918; x_wconf 84' lang='lat' dir='ltr'><strong><em>param</em></strong></span> <span class='ocrx_word' id='word_1_293' title='bbox 512 4840 640 4900; x_wconf 80' lang='lat' dir='ltr'><strong><em>similes.</em></strong></span> 
     </span>
    </p>
   </div>
   <div class='ocr_carea' id='block_1_7' title="bbox 1480 4953 1597 5024">
    <p class='ocr_par' dir='ltr' id='par_1_7' title="bbox 1480 4953 1597 5024">
     <span class='ocr_line' id='line_1_34' title="bbox 1480 4953 1597 5024; baseline 0.017 -2"><span class='ocrx_word' id='word_1_294' title='bbox 1480 4953 1597 5024; x_wconf 70' lang='lat' dir='ltr'><strong><em>Res</em></strong></span> 
     </span>
    </p>
   </div>
   <div class='ocr_carea' id='block_1_8' title="bbox 0 0 2300 5844">
    <p class='ocr_par' dir='ltr' id='par_1_8' title="bbox 0 0 2300 5844">
     <span class='ocr_line' id='line_1_35' title="bbox 0 0 2300 5844; baseline 0 2"><span class='ocrx_word' id='word_1_295' title='bbox 0 0 2300 5844; x_wconf 95' lang='lat' dir='ltr'><strong><em> </em></strong></span> 
     </span>
    </p>
   </div>
  </div>
 </body>
</html>
