4612 5832
848 591 1073 619 --—··-···s

149 762 239 838 gere
248 735 451 835 juberent,
484 749 629 806 terram
647 734 721 806 sibi
742 737 1139 833 adeopropinqvam,
1173 749 1217 807 ut
1239 757 1365 830 prora
1390 733 1643 825 allideretur,
1684 761 1762 810 sese

151 871 368 965 conspicere
382 867 643 964 affirmarunt.
700 870 841 940 Velum
857 892 946 941 vero
966 883 1259 966 eratpansum,
1303 869 1394 947 sine.
1411 867 1497 935 ulla
1518 867 1757 941 vehementia

149 1003 263 1074 venti.
318 1001 467 1072 Nautoe
485 999 623 1070 statim
641 1015 901 1072 surrexerunt.
958 1001 1086 1072 Ornus
1104 1027 1194 1096 vero
1213 1001 1390 1094 rogavit:
1417 1011 1473 1087 ut,
1497 1000 1532 1067 si
1541 1013 1715 1092 possent,
1733 1025 1760 1072 a

151 1146 254 1203 terra
271 1157 424 1203 cursum
444 1133 667 1225 dirigerent.
707 1133 854 1205 Olavus
871 1136 984 1224 dixit,
1002 1158 1078 1205 non
1087 1137 1178 1227 jam
1200 1135 1293 1202 talis
1311 1147 1368 1202 est
1387 1143 1613 1202 nostrarum
1628 1155 1758 1204 rerum

149 1253 341 1354 conditi03
367 1286 435 1358 ego
450 1262 550 1332 enim
560 1265 616 1333 od
627 1275 828 1360 utrumqve
843 1265 1109 1359 latusfluctus
1125 1289 1281 1359 surgere
1297 1276 1412 1358 atqve
1438 1286 1574 1357 urgere
1585 1263 1760 1357 puppim

147 1397 357 1490 conspicio.
391 1394 595 1465 Demittite
612 1392 742 1492 itaqve
759 1377 1255 1490 velumconfestim,'verum
1271 1397 1406 1466 statim
1420 1409 1535 1492 atqve
1553 1396 1759 1482 illucescet,

148 1528 407 1597 concultemus
431 1527 523 1622 qvid
546 1529 701 1599 consilii
723 1531 777 1600 sit
805 1533 1060 1627 capiendum5
1085 1532 1168 1602 haec
1192 1543 1299 1602 terra
1320 1527 1402 1598 illis
1429 1539 1516 1598 erat
1545 1527 1757 1621 incognita.

151 1661 247 1730 Tum
261 1659 714 1749 demiseruntanchoros,
731 1688 814 1759 qvae
825 1665 995 1756 fundum
1011 1663 1388 1757 statimattigerunt.
1444 1659 1569 1732 Multi
1584 1684 1630 1730 ea
1649 1671 1760 1732 nocte

148 1814 340 1861 sermones
355 1792 401 1861 de
417 1816 479 1879 eo,
520 1817 592 1888 qvo
611 1806 806 1866 terrarum
817 1799 908 1893 jam
929 1797 1179 1882 advenerint,
1214 1818 1346 1866 verum
1373 1793 1438 1865 ubi
1461 1793 1615 1877 illuxit,
1654 1791 1760 1864 hanc

147 1936 294 1994 terram
315 1949 395 1995 esse
410 1925 646 1996 Hiberniam
672 1951 890 2022 cognovere.
958 1930 1053 2002 Turn
1071 1929 1172 1998 dixit
1190 1927 1340 1998 Oruus:
1364 1926 1445 1994 Hic
1460 1925 1569 1996 nobis
1585 1923 1758 2019 iniqvum

137 2054 232 2148 sore
254 2056 470 2150 hospitium
497 2072 657 2130 autumo
665 2085 679 2150 ,·
726 2060 791 2131 hio
815 2062 917 2131 enim
946 2061 1052 2131 locus
1069 2063 1215 2155 procul
1239 2070 1406 2129 remotus
1422 2056 1473 2126 ab
1495 2057 1578 2126 illis
1598 2057 1758 2158 oppidis

145 2199 261 2282 atqve
269 2190 479 2283 portubus,
496 2189 561 2260 ubi
575 2193 798 2286 peregrinis
817 2206 903 2262 tuta
919 2206 977 2263 est
986 2218 1093 2287 pax,
1111 2195 1273 2290 jamque
1297 2190 1406 2261 nobis
1438 2189 1756 2286 quemadmodum

143 2321 383 2390 testudinibus
393 2323 430 2419 *)
442 2347 550 2392 mare
560 2325 839 2421 recessitatqve
854 2327 894 2394 in
912 2325 1027 2395 arido
1037 2350 1107 2396 nos
1115 2325 1272 2420 reliqvit
1281 2349 1295 2415 ,·
1310 2323 1640 2393 sedlrlandorum
1655 2317 1756 2412 legi-

143 2451 213 2521 bus
229 2454 302 2522 hoc
317 2456 520 2526 convenire
534 2469 708 2546 autumo,
723 2470 767 2526 ut
786 2481 915 2528 omnes
933 2458 1032 2530 istas
1049 2481 1152 2551 opes,
1178 2479 1261 2552 qvoe
1278 2454 1386 2526 nobis
1398 2465 1550 2549 proesto
1564 2451 1654 2540 sint,
1676 2471 1756 2543 pro

142 2583 226 2654 suis
239 2587 377 2678 spoliis
390 2587 574 2675 habeant,
602 2602 682 2660 tum
700 2589 801 2662 enim
825 2613 945 2662 naves
961 2614 1041 2686 pro
1068 2590 1178 2662 bonis
1196 2590 1237 2660 in
1261 2589 1375 2658 littus
1401 2587 1531 2682 ejectis
1561 2595 1757 2676 occupant

140 2719 299 2809 qvando
314 2743 424 2790 mare
439 2721 550 2792 haud
566 2735 720 2792 tantum
739 2736 925 2817 qvantum
947 2747 1091 2792 nunca
1112 2722 1248 2818 puppi
1264 2720 1429 2792 recessit.
1498 2719 1646 2789 Olovus
1673 2715 1755 2782 illis

138 2848 215 2918 hoc
233 2850 343 2918 houd
369 2852 513 2922 damno
535 2853 724 2942 futurum
747 2855 927 2924 asseruit.
991 2854 1136 2924 Tamen
1161 2842 1277 2922 hodie
1304 2849 1488 2945 conspexi
1515 2848 1688 2919 homines
1713 2847 1754 2916 in

136 2979 359 3048 continenti
376 2985 606 3074 congregari
620 2996 735 3078 atqve
752 2985 830 3054 scio
846 2985 962 3078 hujus
979 2987 1093 3054 navis
1109 2987 1321 3052 adventum
1338 2981 1604 3052 Hiberuarum
1618 2992 1754 3049 atten-

140 3111 288 3180 tionem
306 3110 346 3180 in
362 3135 402 3178 se
417 3113 667 3204 convertisse,·
693 3114 766 3184 hoc
781 3137 923 3209 qvoqve
940 3114 1054 3182 hodie
1071 3113 1252 3204 comperi,
1267 3114 1435 3182 durante
1449 3114 1572 3181 maris
1590 3133 1750 3195 recessu,

143 3240 247 3336 qvod
268 3239 409 3310 ostium
428 3241 611 3333 fluminis
633 3269 659 3313 a
679 3245 803 3315 latere
835 3223 952 3338 hujus
975 3243 1240 3338 promontorii
1267 3242 1423 3336 patuit,
1468 3223 1638 3336 qvodqoe
1663 3241 1753 3311 inde

138 3369 280 3461 facilis
294 3383 383 3440 erat
397 3393 568 3444 recessus
582 3399 715 3471 aqvoe,
742 3377 872 3472 itaque
889 3375 924 3444 si
938 3375 1053 3446 navis
1073 3375 1202 3444 illoesa
1221 3387 1296 3462 est,
1332 3375 1499 3442 demissa
1522 3358 1658 3468 cymba
1675 3394 1754 3440 na-
1783 3405 1790 3416 ·

143 3502 224 3574 vim
241 3527 284 3574 eo
295 3506 509 3597 perducere
520 3509 669 3601 placet.
725 3509 955 3604 Argillosus
971 3519 1058 3576 erat
1065 3507 1222 3597 fundus
1246 3505 1313 3578 ubi
1336 3509 1505 3577 durante
1533 3506 1656 3574 moris
1686 3527 1752 3574 re-
1828 3553 1834 3566 .

145 3657 254 3732 sessu
270 3635 384 3707 navis
388 3637 588 3732 jacuerat,
605 3665 673 3711 neo
688 3665 788 3714 unus
805 3641 954 3737 qvidem
973 3640 1088 3710 navis
1098 3663 1206 3709 asser
1222 3651 1309 3708 erat
1326 3641 1453 3708 loesus.
1512 3640 1603 3707 lam
1618 3635 1753 3706 navim

145 3764 188 3832 in
203 3765 343 3834 ostium
363 3771 580 3860 perduxere
606 3785 721 3869 atqve
747 3772 963 3854 anchoram
979 3773 1112 3862 jecere.
1190 3773 1360 3866 Vespere
1393 3771 1751 3864 appropinquante,

142 3895 345 3990 hominum
358 3923 503 3994 magna
520 3906 732 3975 mullitudo
748 3905 790 3975 in
807 3905 940 3973 littore
956 3915 1215 3997 congregata,
1249 3906 1325 3973 duo
1355 3902 1498 4008 deiude
1515 3901 1593 3972 viri
1613 3898 1750 3994 cymba

144 4006 200 4096 ad
214 4028 349 4098 navim
363 4035 473 4122 vecti,
500 4049 695 4130 rogantes,
715 4039 778 4132 qvi
795 4035 967 4106 homines
984 4035 1087 4106 hanc
1112 4035 1245 4106 navim
1264 4035 1539 4130 gubernarent.
1602 4032 1751 4100 Olavus

145 4159 419 4252 respondebat,
440 4151 493 4236 ¹&
510 4168 661 4262 qvidem
681 4169 815 4262 lingva
834 4167 1055 4254 hibernica,
1081 4191 1156 4260 qva
1176 4167 1288 4236 illum
1307 4162 1617 4260 alloquebantur.
1667 4161 1751 4232 Hi-

144 4285 253 4358 berni
270 4303 401 4362 autem
435 4301 710 4394 comperientes
734 4325 798 4370 eos
824 4299 997 4371 homiues
1024 4323 1104 4368 esse
1124 4299 1352 4392 Norvagos,
1375 4296 1569 4391 rogabant
1585 4308 1629 4366 ut
1650 4298 1750 4390 leg'es

146 4421 402 4513 respicerent,
431 4415 590 4526 'sibiqve
608 4455 699 4525 opes
721 4433 933 4519 traderent,
968 4430 1154 4524 simulque
1177 4429 1459 4522 confirmabant
1479 4454 1522 4500 eo
1545 4441 1667 4523 pacto
1691 4429 1752 4498 nil

147 4547 327 4644 iniquia
351 4581 414 4628 eos
435 4576 712 4659 perpetratum
735 4565 806 4652 iri,
831 4575 1270 4660 anteqvamtexeorum
1292 4586 1471 4636 caussam
1497 4561 1747 4659 cognovisset.

147 4751 415 4780 Ἢ

194 4867 224 4953 *)
251 4878 476 4940 testudinibus:
489 4885 621 4960 proprie
638 4883 857 4950 Gasterosteis,
873 4901 942 4960 qvoe
958 4899 1017 4938 vox
1032 4899 1102 4938 cum
1121 4880 1219 4938 latine
1234 4879 1319 4937 nullo
1334 4877 1422 4936 niodo
1446 4879 1512 4936 dici
1535 4885 1642 4954 qveat,
1676 4870 1750 4947 qvia

273 4995 378 5055 minus
401 4997 524 5058 videtur
547 4991 723 5070 convenire,
744 4999 1004 5074 permutationem
1026 4997 1215 5054 animalium
1232 4993 1412 5078 hiemalem
1431 4989 1628 5048 habebamus.
