4612 5832
919 454 1131 570 ...ss-

215 707 352 782 statim
371 702 578 778 celebrata.
646 703 742 774 Tum
758 724 847 774 uero
863 701 1030 771 multum
1047 723 1265 770 concessum
1281 702 1593 776 Laxdalensium
1612 704 1830 796 nobilitati,

214 865 379 936 namque
390 839 447 907 ad
466 835 558 903 illos
572 834 712 906 mulier
727 837 882 905 domum
898 831 1170 934 deducebatur.
1225 834 1419 928 Nuptiale
1434 838 1665 924 conuiuium,
1683 853 1728 910 ut
1746 841 1835 913 VH

214 970 447 1067 septimanis
465 978 558 1036 onte
567 965 684 1056 finem
702 965 1032 1059 astatis*)fieret.
1065 967 1377 1038 Hbsknldstadis
1394 970 1634 1040 destinatum
1650 985 1718 1040 est.
1746 975 1832 1044 Po·-

213 1119 298 1176 stea
307 1087 536 1176 Hbslcdldus
552 1097 744 1192 abEgillo
759 1084 992 1184 discedebat,
1007 1110 1129 1190 pater
1141 1097 1375 1192 atquefilius
1388 1103 1708 1186 Hbslculdstados
1724 1105 1830 1198 equis

213 1237 332 1325 uecti,
354 1260 431 1330 per
445 1245 621 1303 oestatem
637 1233 742 1302 domi
758 1230 989 1317 manebant,
1006 1230 1167 1324 jamque
1183 1232 1311 1324 quieta
1330 1233 1471 1302 omnia.
1526 1235 1680 1304 Deinde
1694 1239 1831 1310 cortui-

210 1369 321 1444 vium
341 1366 650 1440 Hbslculdstadis
675 1367 801 1434 multa
830 1389 914 1434 cum
941 1361 1206 1453 munificentia
1235 1360 1522 1453 instauratum,
1569 1370 1705 1440 multa·
1728 1372 1830 1441 enim

213 1502 453 1600 opesfuere,·
480 1500 653 1570 conviva
673 1499 871 1568 destinato
889 1509 1059 1587 tempore
1076 1497 1267 1566 aduenere
1273 1521 1287 1583 ,·
1324 1475 1696 1592 Borgfjbrdensium
1713 1527 1829 1597 mag-

211 1662 288 1707 nus
320 1633 456 1726 adsuit
487 1657 678 1702 numerus.
746 1629 808 1702 Ibi
833 1628 991 1724 Egillus
1020 1629 1173 1721 ejusque
1186 1627 1303 1720 filius
1333 1631 1585 1700 Tborsteinus
1620 1628 1658 1702 8<
1681 1658 1828 1727 sponsa

211 1769 332 1840 simul
353 1768 597 1860 insignesque
621 1768 705 1862 ejus
725 1763 895 1858 regionis
920 1761 1008 1832 uiri.
1068 1761 1296 1830 Ho'slculdus
1320 1787 1463 1858 quoque
1480 1765 1624 1834 multos
1641 1769 1830 1840 mortales

212 1911 505 1972 convocaverat.
562 1895 817 1992 Magnificum
829 1895 932 1964 illud
940 1896 1030 1985 fuit
1050 1894 1269 1964 conuiuium
1275 1919 1289 1984 ,·
1317 1895 1503 1965 honorati
1518 1897 1740 1968 muneribus
1760 1901 1828 1968 di-

210 2033 319 2103 missi
335 2031 519 2103 conuiuoe.
578 2031 683 2099 Tunc
704 2029 852 2098 Olauus
871 2027 977 2097 dedit
992 2025 1126 2119 Egilio
1145 2025 1339 2122 gladium,
1353 2053 1466 2122 quem
1482 2030 1743 2124 Myrlq'ortan
1763 2033 1827 2102 illi

211 2169 385 2251 dederat,
403 2158 453 2235 'eo
472 2165 629 2233 munere
646 2163 812 2230 multum
830 2157 990 2228 latoius
1007 2158 1186 2253 Egillns5
1212 2157 1317 2230 nibil
1334 2161 1373 2230 in
1394 2185 1437 2230 eo
1454 2163 1631 2234 conuiuio
1647 2165 1741 2237 noui
1754 2189 1827 2236 ac·

211 2301 328 2370 cidit:
364 2299 422 2367 ita
440 2300 595 2368 domum
612 2295 838 2365 discessum·

848 2511 977 2647 ose.
1016 2513 1190 2603 xxa.

413 2668 575 2771 Olauus
591 2713 704 2794 atque
719 2700 943 2794 Thorgerda
954 2695 1263 2770 Hbslculdstadis
1280 2697 1505 2790 ntancbant,
1520 2702 1686 2772 multum
1704 2727 1743 2774 se
1759 2703 1825 2773 in-

209 2835 330 2908 uicem
345 2834 562 2926 diligentes.
600 2832 783 2902 Onmibus
800 2831 872 2898 boc
889 2831 1139 2924 conspicuum
1157 2832 1271 2900 illum
1285 2832 1485 2902 mulierem
1502 2858 1582 2904 esse
1592 2859 1825 2929 generosam

207 2969 277 3036 sed
294 2965 464 3058 quotidie
473 2986 622 3053 parum
637 2962 676 3030 ia
694 2962 836 3029 (ilionis
853 2963 1018 3054 negotiis
1033 2961 1184 3032 uersari
1190 2986 1205 3052 ,·
1234 2963 1277 3031 V
1272 2986 1380 3032 erum
1399 2967 1433 3034 si
1451 2969 1514 3036 cui
1528 2971 1682 3061 negotio
1697 2970 1731 3038 Τ
1727 2969 1826 3040 lzor-
1877 3025 1880 3034 .

206 3097 332 3192 garda
348 3119 427 3163 sese
441 3092 697 3179 immiscebat,
725 3105 805 3162 tum
824 3093 926 3168 illud
939 3093 1169 3178 necessaria,
1197 3095 1298 3186 quod
1312 3094 1392 3186 ipsi
1401 3079 1825 3190 placeret,'pe1stcien-

209 3233 311 3299 dum.
370 3227 432 3298 Ea
457 3225 592 3318 hyeme
615 3225 765 3294 Olauus
784 3238 900 3317 atque
921 3199 1146 3318 Tlcorgerda
1159 3249 1237 3317 per
1257 3224 1357 3294 uic'es
1374 3225 1686 3326 Hosiuldstadis
1711 3245 1827 3324 atque

210 3361 321 3454 apud
344 3358 593 3428 educatorem
611 3355 729 3426 Olaui
754 3353 1106 3424 commorabantur.
1164 3357 1266 3428 Vere
1290 3358 1439 3426 Olauns
1457 3361 1728 3431 Goddastadis
1753 3365 1828 3434 do·-

210 3491 410 3561 mesticam
425 3489 630 3584 amplexus
648 3513 747 3577 rem,·
787 3500 962 3582 sequente
982 3499 1119 3556 astate
1139 3489 1318 3558 leordus
1338 3490 1499 3562 Goddus
1516 3492 1649 3564 morbo
1663 3519 1826 3590 correp·
1917 3575 1924 3586 ¹

212 3639 274 3696 tus
297 3625 456 3716 indeque
478 3635 666 3692 mortuus.
730 3621 852 3693 Illum
881 3621 1030 3690 tumulo
1049 3619 1301 3690 ¹condendum
1338 3618 1487 3694 Olauus
1521 3629 1676 3700 curauit
1709 3629 1749 3698 in
1781 3655 1825 3700 ea

204 3755 498 3852 promontorio,
538 3756 639 3850 quod
655 3754 696 3822 in
713 3754 864 3846 flumen
880 3755 998 3823 Loxa
1013 3755 1259 3848 prominens,
1297 3754 1621 3846 Drafnarnesum
1639 3775 1826 3856 uocatur3

205 3887 456 3984 propinquus
470 3901 526 3958 est
540 3888 688 3989 tumulo
705 3911 836 3980 agger,
852 3911 959 3980 quem
970 3886 1281 3981 Haagsgardum
1293 3883 1452 3979 (tumuli
1468 3891 1661 3987 aggerem)
1673 3907 1825 3964 uocant.

214 4021 310 4090 Tum
334 4019 450 4090 multi
472 4021 660 4090 mortales
685 4021 741 4090 ad
757 4019 925 4090 Olauum
948 4043 987 4086 se
1008 4029 1248 4106 conuertere,
1285 4043 1543 4116 magnamque
1566 4026 1635 4095 ille
1653 4027 1826 4121 adipisci

205 4153 406 4247 principis
428 4153 671 4246 dignitatem.
738 4153 818 4220 Nec
842 4151 928 4220 ulla
952 4149 1159 4219 Hoslsulda
1177 4150 1294 4244 liujus
1311 4154 1369 4218 rei
1388 4154 1561 4246 inuidia,
1600 4181 1696 4228 sone
1723 4161 1825 4230 enim

211 4284 347 4372 uoluit,
365 4284 484 4356 Olaui
499 4285 777 4356 auctoritatem
795 4282 836 4351 in
854 4281 1029 4352 omnibus
1045 4281 1195 4350 caussis
1209 4282 1424 4376 majoribus
1441 4291 1671 4361 consultari.
1709 4295 1828 4366 Olaui

152 4448 157 4456 ·
200 4414 429 4506 familiaris
447 4441 521 4506 res,
535 4439 681 4504 earum,
697 4437 781 4508 qua
795 4414 837 4483 in
849 4415 1087 4486 Laxardolo
1104 4427 1241 4499 essent,
1251 4413 1553 4508 florentissima.
1604 4425 1697 4500 Duo
1711 4437 1827 4498 erant

210 4573 481 4592 ψ

255 4655 285 4739 ’)
309 4662 378 4736 Sis,
412 4681 588 4742 quanquam
611 4657 701 4719 baud
721 4661 842 4719 usitata
869 4665 913 4719 sit
934 4655 1068 4738 phrasis
1092 4664 1127 4720 in
1149 4657 1205 4719 boc
1219 4679 1321 4722 sensu.
1379 4663 1443 4723 Sed
1454 4671 1702 4730 comitia·media
1718 4683 1826 4730 astate

334 4765 419 4839 steri
438 4766 593 4836 solebant,
622 4767 727 4850 itaque
752 4785 812 4824 aaa
832 4787 1001 4843 possumus
1024 4779 1158 4828 uertere:
1187 4789 1256 4827 cnm
1280 4769 1353 4831 VII
1372 4775 1496 4830 astatis
1518 4781 1702 4854 septimana
1726 4783 1826 4833 essent

345 4869 470 4948 elapsa.
513 4872 605 4936 Alii:
628 4871 678 4932 ”at
694 4869 757 4932 vn
778 4869 873 4932 vikna
890 4869 1011 4934 frcstu’
