4636 5832
890 483 1095 608 ...12-

182 735 254 806 clus
286 731 403 828 filius
440 731 654 804 Dalakolli
696 742 785 802 erat
827 730 958 800 adhuc
1008 731 1234 802 adolescens
1282 754 1368 800 cum
1412 742 1535 826 pater
1579 743 1807 821 moreretur,

180 865 378 940 maturior
429 877 560 934 tamen
612 865 767 958 ingenio
821 866 936 960 qoam
988 863 1116 933 annis.
1210 863 1413 935 Ho'slculus
1485 876 1574 933 erat
1624 864 1687 936 air
1739 891 1807 938 ee-

180 1013 321 1072 nustus
353 1009 596 1093 augustoque
634 997 813 1094 corporis
848 995 1011 1088 lzabitu5
1075 997 1143 1066 ille
1178 997 1469 1091 patrimonium
1502 1023 1615 1068 suum
1658 1024 1808 1096 remqoe

170 1133 425 1228 familiarem
451 1129 687 1229 capessivit5
714 1131 827 1230 idqve
845 1130 1065 1226 proedium,
1096 1129 1162 1199 ubi
1177 1131 1337 1202 Kallias
1360 1130 1637 1218 habitaverat,
1666 1131 1808 1203 abillo

55 1277 87 1344 s
182 1267 369 1339 trahebat
394 1286 550 1366 nomen,
586 1265 835 1362 qoippeqoocl
864 1263 1181 1334 Hoslealclstadir
1213 1265 1351 1336 deinde
1370 1263 1650 1334 nominaretur.
1716 1266 1809 1336 Ηὸ..

181 1401 346 1476 slrulclus
378 1398 419 1468 in
440 1399 606 1493 negotiis
632 1398 853 1470 domesticis
875 1397 1089 1470 multorum
1121 1399 1302 1494 amicitia
1329 1395 1533 1486 utebatur,
1576 1399 1720 1493 qnippe
1746 1401 1810 1495 qvi

180 1533 318 1606 multis
346 1529 603 1603 columinibus
619 1534 677 1604 rei
700 1531 948 1624 familiaris,
984 1543 1065 1602 tam
1084 1534 1263 1628 cognatis
1281 1557 1396 1630 qoam
1418 1531 1577 1621 amicis,
1605 1533 1807 1622 niteretur,

181 1691 274 1768 qvos
284 1678 407 1763 pater
422 1667 566 1738 Kollus
588 1666 664 1737 sibi
689 1670 947 1764 adjunxerat,
979 1667 1206 1762 leorgerda
1224 1691 1313 1740 vero
1337 1664 1690 1760 leorsteinisfllia,
1717 1693 1807 1738 ma-

183 1815 242 1872 ter
261 1801 481 1889 Ho'skuldi,
515 1813 635 1872 aetate
651 1803 742 1898 jam
759 1801 943 1896 florenti,
970 1801 1184 1899 formaqve
1209 1799 1504 1892 venustissima,
1534 1812 1808 1896 postmortem

50 1917 53 1924 ’
179 1931 293 2009 Kolli
312 1931 713 2029 Islandiiepertoesa,
740 1934 1207 2030 Hiisleulclifilioaperit,
1243 1937 1342 2009 velle
1372 1930 1412 2004 se
1429 1958 1594 2029 peregre
1608 1935 1808 2031 proficisci

183 2093 268 2139 cum
286 2067 436 2163 opibus,
459 2093 556 2165 qvas
576 2069 896 2162 sortitafuisset3
922 2043 1152 2160 Hiiskuldus
1172 2069 1244 2140 hoc
1264 2046 1434 2164 quidem,
1462 2069 1521 2140 uti
1547 2069 1632 2139 ulia
1641 2121 1654 2158 ,
1681 2071 1808 2163 ipsius

182 2204 314 2274 animo
328 2200 652 2298 gratificaturum
670 2227 710 2275 se
725 2203 947 2300 profitetur,
972 2203 1148 2300 qvamvis
1160 2203 1380 2297 plurimum
1396 2202 1544 2272 doloris
1562 2204 1643 2296 ejas
1654 2203 1809 2274 disces-

182 2357 248 2410 sus
267 2337 343 2408 sibi
361 2333 533 2434 afferret.
583 2337 702 2410 Emta
728 2338 866 2410 deinde
891 2337 987 2412 navi
1007 2337 1196 2424 dimidia,
1227 2357 1311 2434 qvoe
1329 2335 1633 2431 D'cigurelarnesi
1660 2338 1809 2408 statio-

181 2497 268 2546 nem
291 2471 464 2563 tenebat,
503 2471 730 2570 Tkorger'da
755 2474 911 2570 magnis
933 2460 1019 2546 cum
1041 2472 1180 2568 opibus
1203 2473 1259 2544 ad
1282 2493 1424 2547 navem
1448 2496 1489 2543 se
1508 2469 1659 2571 confert
1667 2497 1681 2566 ,·
1710 2485 1807 2568 post

180 2609 309 2679 altum
334 2608 459 2702 petit,
507 2608 701 2704 felicique
724 2632 797 2678 usa
820 2609 1077 2704 navigatione
1103 2608 1238 2682 navim
1263 2608 1319 2677 acl
1344 2606 1592 2703 Norvagiam
1620 2607 1805 2703 appellit.

183 2743 412 2836 Tlmrgerela
428 2741 640 2834 familiam
671 2767 859 2838 magnam
880 2743 1097 2840 multosqve
1122 2742 1271 2814 nobiles
1302 2756 1490 2840 cognatos
1522 2741 1563 2811 in
1597 2724 1805 2835 Norvagia
1858 2731 1861 2740 ¹

178 2875 339 2964 habuit,
362 2875 426 2969 qvi
441 2900 526 2944 eam
545 2876 705 2945 comiter
725 2875 960 2970 excipientes
978 2879 1123 2972 qocevis
1135 2875 1377 2973 offerebant,
1410 2851 1500 2975 ¹puae
1513 2875 1572 2946 'ab
1603 2874 1702 2972 ipsis
1720 2875 1805 2949 ael-

177 3009 233 3079 let
252 3007 440 3098 accipere.
509 2993 758 3100 Thorgerda,
791 2992 1177 3103 qvieofferebantur,
1207 2981 1668 3104 gratoanimooccepit,
1704 3007 1813 3080 'ait·.
1909 3103 1910 3106 Ἴ

180 3165 269 3239 qve,
314 3135 390 3206 sibi
419 3162 499 3209 esse
515 3139 556 3208 in
584 3137 717 3208 animo
755 3135 810 3206 ibi
835 3137 965 3230 fixam
985 3142 1111 3210 sedem
1135 3143 1287 3235 eligere.
1359 3143 1585 3237 Tleorgercla
1621 3162 1700 3211 non
1735 3141 1812 3213 diu

179 3276 302 3350 vidua
329 3281 435 3358 erat,
474 3281 686 3364 anteqvam
717 3269 780 3341 vir
806 3270 965 3366 qaidam
989 3295 1075 3340 eam
1090 3272 1256 3343 ambiret
1273 3273 1663 3366 nomineHerjolsus,
1692 3273 1805 3344 homo
1838 3261 1845 3270 ’

182 3406 378 3502 dignitate
406 3403 609 3496 praefecti,
647 3403 852 3496 opulentia
879 3414 917 3472 et
934 3401 1036 3473 bona
1062 3406 1352 3478 existimatione
1375 3408 1519 3477 clarus.
1571 3407 1615 3477 Is
1642 3431 1805 3502 corpore

181 3552 269 3613 erat
278 3560 445 3633 procero
462 3548 577 3631 atqve
598 3533 771 3624 robusto,
791 3548 955 3630 aspectu
973 3561 1051 3608 non
1061 3539 1244 3634 pulchro,
1259 3565 1392 3612 oerum
1409 3542 1522 3610 vulta
1541 3540 1652 3611 virili
1668 3542 1804 3639 eligni-

183 3687 266 3746 tote
289 3695 405 3769 quam
425 3669 593 3738 maxime
620 3669 852 3764 conspicuo,
893 3671 1043 3763 peritia
1070 3697 1271 3745 armorum
1294 3675 1494 3770 plurimos
1526 3675 1701 3745 leomiaes
1724 3702 1803 3748 an-

182 3805 394 3881 tecellebat.
462 3801 718 3897 Thorgerdae',
746 3827 832 3872 cum
846 3791 905 3874 'de
929 3803 1008 3876 ltac
1031 3829 1073 3879 re
1088 3821 1283 3904 ageretur,
1312 3820 1448 3904 utpote
1464 3809 1605 3897 aiduoe,
1632 3823 1721 3881 erat
1736 3837 1802 3885 re·

181 3963 371 4041 sponsum
405 3937 521 4028 aare,
573 3949 689 4033 atqve
718 3936 1117 4036 consultis'cognatis
1152 3943 1414 4015 conditionem
1440 3967 1518 4016 non
1556 3945 1805 4040 detrectavit,

182 4077 282 4148 inito
301 4073 434 4168 itaque
451 4095 537 4142 cam
554 4072 1028 4166 Herjolsomatrimonio,
1069 4100 1154 4148 cam
1175 4079 1390 4150 cadomum
1401 4079 1605 4173 prosecta,
1633 4081 1803 4175 remfa-
1895 4165 1898 4172 ,

182 4209 379 4282 miliarem
404 4207 595 4300 capessit,
629 4207 1116 4294 mutuusamorintereos
1141 4210 1331 4304 incaluit5
1372 4213 1599 4308 Thorgerda
1623 4241 1712 4288 mox
1727 4243 1802 4314 ge·

183 4365 332 4416 aerosoe
364 4341 510 4411 indolis
537 4343 767 4414 decantenta
793 4341 966 4426 exhibet3
1011 4345 1182 4440 Herjolfi
1215 4370 1304 4418 vero
1330 4347 1502 4426 conditio
1534 4351 1658 4426 multo
1684 4379 1806 4450 qvam,

180 4491 299 4550 antea
309 4475 857 4574 melioratqvenobiliorvisa,
876 4501 962 4549 cum
973 4481 1092 4552 talem
1109 4493 1250 4555 nactus
1266 4493 1364 4554 esset
1379 4506 1547 4577 uxorem,
1565 4488 1693 4582 qoalis
1710 4503 1798 4562 erat

186 4611 424 4708 Thorgercla.
783 4609 786 4614 ’
