<?xml version="1.0" encoding="UTF-8"?>
<!DOCTYPE html PUBLIC "-//W3C//DTD XHTML 1.0 Transitional//EN"
    "http://www.w3.org/TR/xhtml1/DTD/xhtml1-transitional.dtd">
<html xmlns="http://www.w3.org/1999/xhtml" xml:lang="en" lang="en">
 <head>
  <title>
</title>
<meta http-equiv="Content-Type" content="text/html;charset=utf-8" />
  <meta name='ocr-system' content='tesseract 3.04.00' />
  <meta name='ocr-capabilities' content='ocr_page ocr_carea ocr_par ocr_line ocrx_word'/>
</head>
<body>
  <div class='ocr_page' id='page_1' title='image "./laxdlasagasiveh00stifgoog_0423.png"; bbox 0 0 4638 5844; ppageno 0'>
   <div class='ocr_carea' id='block_1_1' title="bbox 521 489 2186 1627">
    <p class='ocr_par' dir='ltr' id='par_1_1' title="bbox 1329 489 1421 580">
     <span class='ocr_line' id='line_1_1' title="bbox 1329 489 1421 580; baseline 0 -7"><span class='ocrx_word' id='word_1_1' title='bbox 1329 489 1421 580; x_wconf 77' lang='lat'><em>398</em></span> 
     </span>
    </p>

    <p class='ocr_par' dir='ltr' id='par_1_2' title="bbox 521 730 2186 1627">
     <span class='ocr_line' id='line_1_2' title="bbox 745 730 2186 828; baseline -0.005 -15"><span class='ocrx_word' id='word_1_2' title='bbox 745 825 747 828; x_wconf 37' lang='grc'><strong>,</strong></span> <span class='ocrx_word' id='word_1_3' title='bbox 772 741 880 814; x_wconf 90' lang='lat' dir='ltr'><em>Dum</em></span> <span class='ocrx_word' id='word_1_4' title='bbox 897 739 1012 811; x_wconf 80' lang='lat' dir='ltr'><em>addit</em></span> <span class='ocrx_word' id='word_1_5' title='bbox 1026 751 1144 811; x_wconf 89' lang='lat' dir='ltr'><em>autor</em></span> <span class='ocrx_word' id='word_1_6' title='bbox 1161 749 1293 810; x_wconf 89' lang='lat' dir='ltr'><em>noster</em></span> <span class='ocrx_word' id='word_1_7' title='bbox 1308 735 1410 807; x_wconf 81' lang='lat' dir='ltr'><em>buno</em></span> <span class='ocrx_word' id='word_1_8' title='bbox 1427 733 1548 805; x_wconf 88' lang='lat' dir='ltr'><em>ritum</em></span> <span class='ocrx_word' id='word_1_9' title='bbox 1569 755 1595 804; x_wconf 88' lang='lat' dir='ltr'><em>a</em></span> <span class='ocrx_word' id='word_1_10' title='bbox 1605 730 1783 828; x_wconf 87' lang='lat' dir='ltr'><em>paganis</em></span> <span class='ocrx_word' id='word_1_11' title='bbox 1807 730 1919 804; x_wconf 79' lang='lat' dir='ltr'><em>baud</em></span> <span class='ocrx_word' id='word_1_12' title='bbox 1943 734 2090 805; x_wconf 90' lang='lat' dir='ltr'><strong><em>minori</em></strong></span> <span class='ocrx_word' id='word_1_13' title='bbox 2120 732 2186 806; x_wconf 92' lang='lat' dir='ltr'><em>ob-</em></span> 
     </span>
     <span class='ocr_line' id='line_1_3' title="bbox 574 865 2184 967; baseline -0.006 -21"><span class='ocrx_word' id='word_1_14' title='bbox 574 875 774 948; x_wconf 77' lang='lat' dir='ltr'><em>seruantia</em></span> <span class='ocrx_word' id='word_1_15' title='bbox 785 873 917 965; x_wconf 88' lang='lat' dir='ltr'><em>fuisse</em></span> <span class='ocrx_word' id='word_1_16' title='bbox 929 884 1137 967; x_wconf 86' lang='lat' dir='ltr'><em>peractum</em></span> <span class='ocrx_word' id='word_1_17' title='bbox 1157 895 1226 957; x_wconf 88' lang='lat' dir='ltr'><em>ao,</em></span> <span class='ocrx_word' id='word_1_18' title='bbox 1248 868 1431 942; x_wconf 80' lang='lat' dir='ltr'><em>”sktrslu”</em></span> <span class='ocrx_word' id='word_1_19' title='bbox 1449 887 1480 934; x_wconf 85' lang='lat' dir='ltr'><em>o:</em></span> <span class='ocrx_word' id='word_1_20' title='bbox 1502 866 1759 962; x_wconf 75' lang='lat' dir='ltr'><strong><em>gestationem</em></strong></span> <span class='ocrx_word' id='word_1_21' title='bbox 1788 865 1899 957; x_wconf 88' lang='lat' dir='ltr'><em>ferri</em></span> <span class='ocrx_word' id='word_1_22' title='bbox 1927 867 2133 938; x_wconf 82' lang='lat' dir='ltr'><em>candentis</em></span> <span class='ocrx_word' id='word_1_23' title='bbox 2160 892 2184 937; x_wconf 91' lang='lat' dir='ltr'><em>a</em></span> 
     </span>
     <span class='ocr_line' id='line_1_4' title="bbox 576 997 2184 1094; baseline -0.005 -16"><span class='ocrx_word' id='word_1_24' title='bbox 576 1007 815 1079; x_wconf 80' lang='lat' dir='ltr'><em>Christianis</em></span> <span class='ocrx_word' id='word_1_25' title='bbox 833 1029 905 1075; x_wconf 87' lang='lat' dir='ltr'><em>suo</em></span> <span class='ocrx_word' id='word_1_26' title='bbox 925 1015 1044 1075; x_wconf 87' lang='lat' dir='ltr'><em>oetote</em></span> <span class='ocrx_word' id='word_1_27' title='bbox 1058 1004 1291 1094; x_wconf 76' lang='lat' dir='ltr'><em>uiuentibus,</em></span> <span class='ocrx_word' id='word_1_28' title='bbox 1335 1000 1466 1073; x_wconf 78' lang='lat' dir='ltr'><em>innuit</em></span> <span class='ocrx_word' id='word_1_29' title='bbox 1493 999 1613 1070; x_wconf 90' lang='lat' dir='ltr'><em>ritum</em></span> <span class='ocrx_word' id='word_1_30' title='bbox 1632 1021 1719 1069; x_wconf 90' lang='lat' dir='ltr'><em>cum</em></span> <span class='ocrx_word' id='word_1_31' title='bbox 1740 997 1873 1093; x_wconf 83' lang='lat' dir='ltr'><em>aliqva</em></span> <span class='ocrx_word' id='word_1_32' title='bbox 1888 998 2063 1070; x_wconf 80' lang='lat' dir='ltr'><strong><em>Deorum</em></strong></span> <span class='ocrx_word' id='word_1_33' title='bbox 2082 1000 2184 1070; x_wconf 87' lang='lat' dir='ltr'><em>cultu</em></span> 
     </span>
     <span class='ocr_line' id='line_1_5' title="bbox 528 1127 2184 1231; baseline -0.005 -21"><span class='ocrx_word' id='word_1_34' title='bbox 528 1133 531 1141; x_wconf 75' lang='lat'>&#39;</span> <span class='ocrx_word' id='word_1_35' title='bbox 564 1138 697 1230; x_wconf 81' lang='lat' dir='ltr'><em>fuisse</em></span> <span class='ocrx_word' id='word_1_36' title='bbox 714 1139 958 1230; x_wconf 84' lang='lat' dir='ltr'><em>conjunctum</em></span> <span class='ocrx_word' id='word_1_37' title='bbox 972 1137 1054 1209; x_wconf 84' lang='lat' dir='ltr'><em>sive</em></span> <span class='ocrx_word' id='word_1_38' title='bbox 1071 1136 1310 1228; x_wconf 68' lang='lat' dir='ltr'><em>sacramenti</em></span> <span class='ocrx_word' id='word_1_39' title='bbox 1325 1156 1448 1231; x_wconf 78' lang='lat' dir='ltr'><em>genus</em></span> <span class='ocrx_word' id='word_1_40' title='bbox 1471 1127 1698 1202; x_wconf 77' lang='lat' dir='ltr'><em>exhibuisse.</em></span> <span class='ocrx_word' id='word_1_41' title='bbox 1759 1132 1886 1227; x_wconf 81' lang='lat' dir='ltr'><em>Neque</em></span> <span class='ocrx_word' id='word_1_42' title='bbox 1909 1131 1982 1202; x_wconf 80' lang='lat' dir='ltr'><em>icoc</em></span> <span class='ocrx_word' id='word_1_43' title='bbox 2005 1155 2032 1200; x_wconf 86' lang='lat' dir='ltr'><em>a</em></span> <span class='ocrx_word' id='word_1_44' title='bbox 2050 1132 2184 1227; x_wconf 89' lang='lat' dir='ltr'><em>prima</em></span> 
     </span>
     <span class='ocr_line' id='line_1_6' title="bbox 521 1263 2183 1366; baseline -0.004 -24"><span class='ocrx_word' id='word_1_45' title='bbox 521 1337 529 1352; x_wconf 73' lang='grc'><strong>,</strong></span> <span class='ocrx_word' id='word_1_46' title='bbox 573 1270 690 1366; x_wconf 78' lang='lat' dir='ltr'><em>hujus</em></span> <span class='ocrx_word' id='word_1_47' title='bbox 704 1272 806 1343; x_wconf 88' lang='lat' dir='ltr'><em>ritus</em></span> <span class='ocrx_word' id='word_1_48' title='bbox 818 1270 977 1366; x_wconf 80' lang='lat' dir='ltr'><strong><em>origine,</em></strong></span> <span class='ocrx_word' id='word_1_49' title='bbox 996 1271 1147 1366; x_wconf 81' lang='lat' dir='ltr'><em>qualem</em></span> <span class='ocrx_word' id='word_1_50' title='bbox 1155 1294 1226 1341; x_wconf 92' lang='lat' dir='ltr'><em>nos</em></span> <span class='ocrx_word' id='word_1_51' title='bbox 1246 1264 1440 1363; x_wconf 87' lang='lat' dir='ltr'><em>suspicati</em></span> <span class='ocrx_word' id='word_1_52' title='bbox 1462 1285 1606 1348; x_wconf 86' lang='lat' dir='ltr'><em>sumus,</em></span> <span class='ocrx_word' id='word_1_53' title='bbox 1623 1263 1816 1355; x_wconf 85' lang='lat' dir='ltr'><em>abienurn,·</em></span> <span class='ocrx_word' id='word_1_54' title='bbox 1840 1287 1933 1336; x_wconf 89' lang='lat' dir='ltr'><em>nam</em></span> <span class='ocrx_word' id='word_1_55' title='bbox 1948 1287 2078 1334; x_wconf 87' lang='lat' dir='ltr'><em>omnes</em></span> <span class='ocrx_word' id='word_1_56' title='bbox 2091 1266 2183 1356; x_wconf 83' lang='lat' dir='ltr'><em>sere,</em></span> 
     </span>
     <span class='ocr_line' id='line_1_7' title="bbox 574 1395 2182 1499; baseline -0.002 -25"><span class='ocrx_word' id='word_1_57' title='bbox 574 1427 659 1499; x_wconf 77' lang='lat' dir='ltr'><em>qva</em></span> <span class='ocrx_word' id='word_1_58' title='bbox 671 1404 1028 1498; x_wconf 81' lang='lat' dir='ltr'><em>bumilitatemproe</em></span> <span class='ocrx_word' id='word_1_59' title='bbox 1043 1399 1287 1498; x_wconf 86' lang='lat' dir='ltr'><em>seferebont‚</em></span> <span class='ocrx_word' id='word_1_60' title='bbox 1308 1396 1495 1488; x_wconf 86' lang='lat' dir='ltr'><em>actiones,</em></span> <span class='ocrx_word' id='word_1_61' title='bbox 1517 1395 1558 1492; x_wconf 81' lang='lat' dir='ltr'><em>in</em></span> <span class='ocrx_word' id='word_1_62' title='bbox 1577 1395 1814 1493; x_wconf 77' lang='lat' dir='ltr'><em>antiquitate</em></span> <span class='ocrx_word' id='word_1_63' title='bbox 1829 1397 1997 1470; x_wconf 84' lang='lat' dir='ltr'><em>adDeos</em></span> <span class='ocrx_word' id='word_1_64' title='bbox 2009 1397 2182 1492; x_wconf 85' lang='lat' dir='ltr'><em>placan-</em></span> 
     </span>
     <span class='ocr_line' id='line_1_8' title="bbox 574 1535 1002 1627; baseline 0 -21"><span class='ocrx_word' id='word_1_65' title='bbox 574 1536 645 1606; x_wconf 81' lang='lat' dir='ltr'><em>dos</em></span> <span class='ocrx_word' id='word_1_66' title='bbox 662 1535 783 1627; x_wconf 89' lang='lat' dir='ltr'><em>fuere</em></span> <span class='ocrx_word' id='word_1_67' title='bbox 800 1535 1002 1606; x_wconf 81' lang='lat' dir='ltr'><em>adbibitoe.</em></span> 
     </span>
    </p>
   </div>
   <div class='ocr_carea' id='block_1_2' title="bbox 576 1639 2183 1896">
    <p class='ocr_par' dir='ltr' id='par_1_3' title="bbox 576 1639 2183 1896">
     <span class='ocr_line' id='line_1_9' title="bbox 773 1639 2183 1764; baseline -0.001 -26"><span class='ocrx_word' id='word_1_68' title='bbox 773 1669 1044 1740; x_wconf 74' lang='lat' dir='ltr'><em>iuramentum</em></span> <span class='ocrx_word' id='word_1_69' title='bbox 1068 1689 1144 1764; x_wconf 88' lang='lat' dir='ltr'><em>per</em></span> <span class='ocrx_word' id='word_1_70' title='bbox 1172 1665 1376 1761; x_wconf 76' lang='lat' dir='ltr'><em>cespitem3</em></span> <span class='ocrx_word' id='word_1_71' title='bbox 1418 1664 1518 1760; x_wconf 79' lang='lat' dir='ltr'><strong><em>qood</em></strong></span> <span class='ocrx_word' id='word_1_72' title='bbox 1542 1662 1635 1734; x_wconf 89' lang='lat' dir='ltr'><strong><em>olim</em></strong></span> <span class='ocrx_word' id='word_1_73' title='bbox 1660 1663 1702 1735; x_wconf 90' lang='lat' dir='ltr'><em>in</em></span> <span class='ocrx_word' id='word_1_74' title='bbox 1729 1663 1945 1736; x_wconf 83' lang='lat' dir='ltr'><strong><em>Germania</em></strong></span> <span class='ocrx_word' id='word_1_75' title='bbox 1974 1639 2183 1736; x_wconf 78' lang='lat' dir='ltr'><em>invaluisse</em></span> 
     </span>
     <span class='ocr_line' id='line_1_10' title="bbox 576 1794 2182 1896; baseline -0.002 -25"><span class='ocrx_word' id='word_1_76' title='bbox 576 1795 786 1894; x_wconf 63' lang='lat' dir='ltr'><em>const-att),</em></span> <span class='ocrx_word' id='word_1_77' title='bbox 810 1811 971 1871; x_wconf 89' lang='lat' dir='ltr'><em>eotenus</em></span> <span class='ocrx_word' id='word_1_78' title='bbox 987 1802 1134 1896; x_wconf 75' lang='lat' dir='ltr'><em>quidem</em></span> <span class='ocrx_word' id='word_1_79' title='bbox 1152 1826 1178 1871; x_wconf 91' lang='lat' dir='ltr'><em>a</em></span> <span class='ocrx_word' id='word_1_80' title='bbox 1195 1801 1278 1871; x_wconf 90' lang='lat' dir='ltr'><em>ritu</em></span> <span class='ocrx_word' id='word_1_81' title='bbox 1295 1796 1488 1868; x_wconf 82' lang='lat' dir='ltr'><em>islandico</em></span> <span class='ocrx_word' id='word_1_82' title='bbox 1507 1794 1661 1892; x_wconf 83' lang='lat' dir='ltr'><em>differt,</em></span> <span class='ocrx_word' id='word_1_83' title='bbox 1695 1798 1795 1893; x_wconf 79' lang='lat' dir='ltr'><em>quod</em></span> <span class='ocrx_word' id='word_1_84' title='bbox 1820 1797 1902 1868; x_wconf 85' lang='lat' dir='ltr'><em>tole</em></span> <span class='ocrx_word' id='word_1_85' title='bbox 1917 1797 2182 1892; x_wconf 78' lang='lat' dir='ltr'><em>juramentum</em></span> 
     </span>
    </p>
   </div>
   <div class='ocr_carea' id='block_1_3' title="bbox 573 1928 2231 2028">
    <p class='ocr_par' dir='ltr' id='par_1_4' title="bbox 573 1928 2231 2028">
     <span class='ocr_line' id='line_1_11' title="bbox 573 1928 2231 2028; baseline -0.002 -27"><span class='ocrx_word' id='word_1_86' title='bbox 573 1931 830 2028; x_wconf 83' lang='lat' dir='ltr'><em>praestiturus</em></span> <span class='ocrx_word' id='word_1_87' title='bbox 847 1932 1001 2002; x_wconf 81' lang='lat' dir='ltr'><em>nuliam</em></span> <span class='ocrx_word' id='word_1_88' title='bbox 1019 1931 1180 2003; x_wconf 88' lang='lat' dir='ltr'><em>subierit</em></span> <span class='ocrx_word' id='word_1_89' title='bbox 1192 1931 1403 2024; x_wconf 80' lang='lat' dir='ltr'><em>fornicem,</em></span> <span class='ocrx_word' id='word_1_90' title='bbox 1436 1930 1506 2000; x_wconf 80' lang='lat' dir='ltr'><em>sed</em></span> <span class='ocrx_word' id='word_1_91' title='bbox 1529 1929 1710 2023; x_wconf 85' lang='lat' dir='ltr'><em>cespitem</em></span> <span class='ocrx_word' id='word_1_92' title='bbox 1733 1930 1848 2001; x_wconf 82' lang='lat' dir='ltr'><strong><em>modo</em></strong></span> <span class='ocrx_word' id='word_1_93' title='bbox 1866 1949 1988 2000; x_wconf 89' lang='lat' dir='ltr'><em>manu</em></span> <span class='ocrx_word' id='word_1_94' title='bbox 2004 1928 2178 2022; x_wconf 81' lang='lat' dir='ltr'><em>tetigerit.</em></span> <span class='ocrx_word' id='word_1_95' title='bbox 2226 1989 2231 2006; x_wconf 84' lang='grc'><em>,</em></span> 
     </span>
    </p>
   </div>
   <div class='ocr_carea' id='block_1_4' title="bbox 506 2061 2180 4150">
    <p class='ocr_par' dir='ltr' id='par_1_5' title="bbox 528 2061 2179 2555">
     <span class='ocr_line' id='line_1_12' title="bbox 573 2061 2179 2166; baseline -0.003 -30"><span class='ocrx_word' id='word_1_96' title='bbox 573 2061 764 2136; x_wconf 80' lang='lat' dir='ltr'><em>Attamen</em></span> <span class='ocrx_word' id='word_1_97' title='bbox 783 2065 951 2136; x_wconf 74' lang='lat' dir='ltr'><strong><em>ostendit</em></strong></span> <span class='ocrx_word' id='word_1_98' title='bbox 968 2088 1051 2136; x_wconf 86' lang='lat' dir='ltr'><em>moe</em></span> <span class='ocrx_word' id='word_1_99' title='bbox 1069 2065 1141 2135; x_wconf 88' lang='lat' dir='ltr'><em>iste</em></span> <span class='ocrx_word' id='word_1_100' title='bbox 1159 2064 1259 2135; x_wconf 89' lang='lat' dir='ltr'><em>satis</em></span> <span class='ocrx_word' id='word_1_101' title='bbox 1275 2062 1454 2156; x_wconf 80' lang='lat' dir='ltr'><em>uulgaris</em></span> <span class='ocrx_word' id='word_1_102' title='bbox 1484 2061 1620 2166; x_wconf 69' lang='lat' dir='ltr'><em>uarias</em></span> <span class='ocrx_word' id='word_1_103' title='bbox 1631 2073 1765 2156; x_wconf 84' lang='lat' dir='ltr'><em>gentes</em></span> <span class='ocrx_word' id='word_1_104' title='bbox 1787 2073 1985 2158; x_wconf 74' lang='lat' dir='ltr'><em>spectasse</em></span> <span class='ocrx_word' id='word_1_105' title='bbox 2006 2061 2179 2156; x_wconf 82' lang='lat' dir='ltr'><em>cespitem</em></span> 
     </span>
     <span class='ocr_line' id='line_1_13' title="bbox 576 2191 2179 2292; baseline -0.001 -26"><span class='ocrx_word' id='word_1_106' title='bbox 576 2207 760 2292; x_wconf 76' lang='lat' dir='ltr'><em>tanquam</em></span> <span class='ocrx_word' id='word_1_107' title='bbox 779 2197 1029 2290; x_wconf 88' lang='lat' dir='ltr'><em>aptissimum</em></span> <span class='ocrx_word' id='word_1_108' title='bbox 1045 2209 1083 2268; x_wconf 93' lang='lat' dir='ltr'><em>et</em></span> <span class='ocrx_word' id='word_1_109' title='bbox 1101 2195 1292 2267; x_wconf 84' lang='lat' dir='ltr'><strong><em>domicilii</em></strong></span> <span class='ocrx_word' id='word_1_110' title='bbox 1310 2207 1349 2265; x_wconf 89' lang='lat' dir='ltr'><em>et</em></span> <span class='ocrx_word' id='word_1_111' title='bbox 1365 2194 1622 2290; x_wconf 78' lang='lat' dir='ltr'><em>agricultura</em></span> <span class='ocrx_word' id='word_1_112' title='bbox 1638 2191 1853 2288; x_wconf 84' lang='lat' dir='ltr'><em>symbolum</em></span> <span class='ocrx_word' id='word_1_113' title='bbox 1861 2217 1876 2286; x_wconf 89' lang='lat'><em>,·</em></span> <span class='ocrx_word' id='word_1_114' title='bbox 1903 2217 1983 2290; x_wconf 81' lang='lat' dir='ltr'><em>qvoe</em></span> <span class='ocrx_word' id='word_1_115' title='bbox 1997 2194 2179 2265; x_wconf 81' lang='lat' dir='ltr'><em>sentiendi</em></span> 
     </span>
     <span class='ocr_line' id='line_1_14' title="bbox 576 2326 2178 2423; baseline -0.002 -24"><span class='ocrx_word' id='word_1_116' title='bbox 576 2328 683 2400; x_wconf 88' lang='lat' dir='ltr'><em>ratio</em></span> <span class='ocrx_word' id='word_1_117' title='bbox 700 2340 812 2398; x_wconf 90' lang='lat' dir='ltr'><em>tanto</em></span> <span class='ocrx_word' id='word_1_118' title='bbox 828 2328 958 2423; x_wconf 83' lang='lat' dir='ltr'><em>magis</em></span> <span class='ocrx_word' id='word_1_119' title='bbox 981 2329 1022 2400; x_wconf 93' lang='lat' dir='ltr'><em>in</em></span> <span class='ocrx_word' id='word_1_120' title='bbox 1045 2329 1231 2399; x_wconf 85' lang='lat' dir='ltr'><em>Isiondos</em></span> <span class='ocrx_word' id='word_1_121' title='bbox 1256 2326 1385 2416; x_wconf 82' lang='lat' dir='ltr'><em>cadit,</em></span> <span class='ocrx_word' id='word_1_122' title='bbox 1426 2337 1572 2422; x_wconf 77' lang='lat' dir='ltr'><em>quanto</em></span> <span class='ocrx_word' id='word_1_123' title='bbox 1598 2326 1727 2420; x_wconf 83' lang='lat' dir='ltr'><em>magis</em></span> <span class='ocrx_word' id='word_1_124' title='bbox 1753 2337 1911 2400; x_wconf 87' lang='lat' dir='ltr'><em>constat</em></span> <span class='ocrx_word' id='word_1_125' title='bbox 1929 2338 1967 2400; x_wconf 86' lang='lat' dir='ltr'><em>et</em></span> <span class='ocrx_word' id='word_1_126' title='bbox 1993 2327 2126 2398; x_wconf 80' lang='lat' dir='ltr'><strong><em>domos</em></strong></span> <span class='ocrx_word' id='word_1_127' title='bbox 2146 2338 2178 2397; x_wconf 86' lang='lat' dir='ltr'><em>et</em></span> 
     </span>
     <span class='ocr_line' id='line_1_15' title="bbox 528 2458 1774 2555; baseline -0.001 -26"><span class='ocrx_word' id='word_1_128' title='bbox 528 2487 531 2494; x_wconf 91' lang='lat'>·</span> <span class='ocrx_word' id='word_1_129' title='bbox 575 2481 694 2555; x_wconf 79' lang='lat' dir='ltr'><em>agros</em></span> <span class='ocrx_word' id='word_1_130' title='bbox 718 2460 834 2531; x_wconf 89' lang='lat' dir='ltr'><em>istius</em></span> <span class='ocrx_word' id='word_1_131' title='bbox 851 2461 992 2530; x_wconf 83' lang='lat' dir='ltr'><em>insulae</em></span> <span class='ocrx_word' id='word_1_132' title='bbox 1010 2460 1278 2530; x_wconf 85' lang='lat' dir='ltr'><em>tantummodo</em></span> <span class='ocrx_word' id='word_1_133' title='bbox 1288 2459 1471 2554; x_wconf 79' lang='lat' dir='ltr'><em>gramine</em></span> <span class='ocrx_word' id='word_1_134' title='bbox 1485 2458 1619 2550; x_wconf 79' lang='lat' dir='ltr'><em>juisse</em></span> <span class='ocrx_word' id='word_1_135' title='bbox 1641 2469 1774 2528; x_wconf 88' lang='lat' dir='ltr'><em>tectos.</em></span> 
     </span>
    </p>

    <p class='ocr_par' dir='ltr' id='par_1_6' title="bbox 566 2589 2180 3482">
     <span class='ocr_line' id='line_1_16' title="bbox 774 2589 2178 2685; baseline -0.001 -21"><span class='ocrx_word' id='word_1_136' title='bbox 774 2592 907 2664; x_wconf 86' lang='lat' dir='ltr'><em>Tertio</em></span> <span class='ocrx_word' id='word_1_137' title='bbox 940 2593 1024 2662; x_wconf 85' lang='lat' dir='ltr'><em>loco</em></span> <span class='ocrx_word' id='word_1_138' title='bbox 1050 2593 1181 2662; x_wconf 85' lang='lat' dir='ltr'><em>lamen</em></span> <span class='ocrx_word' id='word_1_139' title='bbox 1205 2590 1411 2685; x_wconf 85' lang='lat' dir='ltr'><em>cespitium</em></span> <span class='ocrx_word' id='word_1_140' title='bbox 1433 2589 1696 2662; x_wconf 77' lang='lat' dir='ltr'><em>adhibebatur</em></span> <span class='ocrx_word' id='word_1_141' title='bbox 1718 2590 1776 2662; x_wconf 82' lang='lat' dir='ltr'><em>ad</em></span> <span class='ocrx_word' id='word_1_142' title='bbox 1794 2589 1963 2683; x_wconf 79' lang='lat' dir='ltr'><em>foedera</em></span> <span class='ocrx_word' id='word_1_143' title='bbox 1990 2591 2178 2662; x_wconf 79' lang='lat' dir='ltr'><em>sodalitia</em></span> 
     </span>
     <span class='ocr_line' id='line_1_17' title="bbox 566 2721 2180 2822; baseline 0 -26"><span class='ocrx_word' id='word_1_144' title='bbox 566 2726 783 2822; x_wconf 77' lang='lat' dir='ltr'><em>jungenda.</em></span> <span class='ocrx_word' id='word_1_145' title='bbox 852 2721 1093 2817; x_wconf 78' lang='lat' dir='ltr'><em>Erigebatur</em></span> <span class='ocrx_word' id='word_1_146' title='bbox 1105 2723 1272 2816; x_wconf 87' lang='lat' dir='ltr'><em>framea</em></span> <span class='ocrx_word' id='word_1_147' title='bbox 1296 2735 1494 2793; x_wconf 89' lang='lat' dir='ltr'><em>staturam</em></span> <span class='ocrx_word' id='word_1_148' title='bbox 1518 2722 1690 2794; x_wconf 81' lang='lat' dir='ltr'><em>bominis</em></span> <span class='ocrx_word' id='word_1_149' title='bbox 1712 2724 1912 2812; x_wconf 76' lang='lat' dir='ltr'><em>excedens,</em></span> <span class='ocrx_word' id='word_1_150' title='bbox 1952 2723 2000 2794; x_wconf 91' lang='lat' dir='ltr'><em>ab</em></span> <span class='ocrx_word' id='word_1_151' title='bbox 2022 2737 2180 2820; x_wconf 79' lang='lat' dir='ltr'><em>utroque</em></span> 
     </span>
     <span class='ocr_line' id='line_1_18' title="bbox 575 2841 2180 2952; baseline 0 -24"><span class='ocrx_word' id='word_1_152' title='bbox 575 2859 700 2928; x_wconf 73' lang='lat' dir='ltr'><em>latere</em></span> <span class='ocrx_word' id='word_1_153' title='bbox 716 2858 845 2929; x_wconf 87' lang='lat' dir='ltr'><em>lamen</em></span> <span class='ocrx_word' id='word_1_154' title='bbox 861 2858 1065 2952; x_wconf 78' lang='lat' dir='ltr'><em>coepitium</em></span> <span class='ocrx_word' id='word_1_155' title='bbox 1082 2855 1140 2926; x_wconf 90' lang='lat' dir='ltr'><em>ita</em></span> <span class='ocrx_word' id='word_1_156' title='bbox 1163 2841 1250 2927; x_wconf 80' lang='lat' dir='ltr'><em>erat</em></span> <span class='ocrx_word' id='word_1_157' title='bbox 1267 2867 1518 2951; x_wconf 81' lang='lat' dir='ltr'><em>suspensum,</em></span> <span class='ocrx_word' id='word_1_158' title='bbox 1553 2867 1598 2927; x_wconf 90' lang='lat' dir='ltr'><em>ut</em></span> <span class='ocrx_word' id='word_1_159' title='bbox 1611 2857 1780 2928; x_wconf 83' lang='lat' dir='ltr'><em>medium</em></span> <span class='ocrx_word' id='word_1_160' title='bbox 1802 2880 1829 2926; x_wconf 88' lang='lat' dir='ltr'><em>a</em></span> <span class='ocrx_word' id='word_1_161' title='bbox 1846 2855 2005 2952; x_wconf 83' lang='lat' dir='ltr'><em>cuspide</em></span> <span class='ocrx_word' id='word_1_162' title='bbox 2010 2857 2180 2949; x_wconf 78' lang='lat' dir='ltr'><em>Jramea</em></span> 
     </span>
     <span class='ocr_line' id='line_1_19' title="bbox 575 2965 2177 3086; baseline 0 -26"><span class='ocrx_word' id='word_1_163' title='bbox 575 3001 879 3074; x_wconf 86' lang='lat' dir='ltr'><em>sustentaretur,</em></span> <span class='ocrx_word' id='word_1_164' title='bbox 903 2989 1007 3084; x_wconf 80' lang='lat' dir='ltr'><em>fines</em></span> <span class='ocrx_word' id='word_1_165' title='bbox 1024 2965 1115 3063; x_wconf 71' lang='lat' dir='ltr'><em>uero</em></span> <span class='ocrx_word' id='word_1_166' title='bbox 1133 2988 1242 3060; x_wconf 78' lang='lat' dir='ltr'><strong><em>borni</em></strong></span> <span class='ocrx_word' id='word_1_167' title='bbox 1259 2987 1519 3083; x_wconf 78' lang='lat' dir='ltr'><em>affigerentur.</em></span> <span class='ocrx_word' id='word_1_168' title='bbox 1581 2985 1720 3082; x_wconf 85' lang='lat' dir='ltr'><em>Cespes</em></span> <span class='ocrx_word' id='word_1_169' title='bbox 1735 2979 1954 3086; x_wconf 46' lang='lat' dir='ltr'><em>itaqce&#39;boo</em></span> <span class='ocrx_word' id='word_1_170' title='bbox 1977 2991 2090 3062; x_wconf 85' lang='lat' dir='ltr'><strong><em>modo</em></strong></span> <span class='ocrx_word' id='word_1_171' title='bbox 2106 2992 2177 3060; x_wconf 85' lang='lat' dir='ltr'><em>ad-</em></span> 
     </span>
     <span class='ocr_line' id='line_1_20' title="bbox 573 3105 2178 3219; baseline 0.001 -28"><span class='ocrx_word' id='word_1_172' title='bbox 573 3118 740 3206; x_wconf 80' lang='lat' dir='ltr'><em>bibitus,</em></span> <span class='ocrx_word' id='word_1_173' title='bbox 774 3143 852 3192; x_wconf 88' lang='lat' dir='ltr'><em>non</em></span> <span class='ocrx_word' id='word_1_174' title='bbox 877 3116 1052 3217; x_wconf 89' lang='lat' dir='ltr'><em>amplius</em></span> <span class='ocrx_word' id='word_1_175' title='bbox 1066 3121 1264 3213; x_wconf 80' lang='lat' dir='ltr'><strong><em>fornicis,</em></strong></span> <span class='ocrx_word' id='word_1_176' title='bbox 1297 3145 1365 3191; x_wconf 86' lang='lat' dir='ltr'><em>nec</em></span> <span class='ocrx_word' id='word_1_177' title='bbox 1380 3105 1490 3218; x_wconf 78' lang='lat' dir='ltr'><em>jugi,</em></span> <span class='ocrx_word' id='word_1_178' title='bbox 1525 3122 1595 3191; x_wconf 82' lang='lat' dir='ltr'><em>sed</em></span> <span class='ocrx_word' id='word_1_179' title='bbox 1609 3122 1769 3194; x_wconf 89' lang='lat' dir='ltr'><em>altioris</em></span> <span class='ocrx_word' id='word_1_180' title='bbox 1777 3123 2007 3218; x_wconf 75' lang='lat' dir='ltr'><em>pyramides</em></span> <span class='ocrx_word' id='word_1_181' title='bbox 2023 3121 2178 3219; x_wconf 86' lang='lat' dir='ltr'><em>speciem</em></span> 
     </span>
     <span class='ocr_line' id='line_1_21' title="bbox 573 3250 2175 3350; baseline 0.003 -28"><span class='ocrx_word' id='word_1_182' title='bbox 573 3250 733 3343; x_wconf 78' lang='lat' dir='ltr'><em>retulit5</em></span> <span class='ocrx_word' id='word_1_183' title='bbox 770 3265 896 3324; x_wconf 85' lang='lat' dir='ltr'><em>erecto</em></span> <span class='ocrx_word' id='word_1_184' title='bbox 916 3253 1048 3350; x_wconf 87' lang='lat' dir='ltr'><em>capite</em></span> <span class='ocrx_word' id='word_1_185' title='bbox 1064 3255 1308 3326; x_wconf 86' lang='lat' dir='ltr'><em>transierunt</em></span> <span class='ocrx_word' id='word_1_186' title='bbox 1320 3253 1505 3348; x_wconf 83' lang='lat' dir='ltr'><em>juraturi</em></span> <span class='ocrx_word' id='word_1_187' title='bbox 1522 3253 1570 3323; x_wconf 81' lang='lat' dir='ltr'><em>cie</em></span> <span class='ocrx_word' id='word_1_188' title='bbox 1585 3265 1725 3326; x_wconf 80' lang='lat' dir='ltr'><em>eventu</em></span> <span class='ocrx_word' id='word_1_189' title='bbox 1743 3253 1855 3326; x_wconf 82' lang='lat' dir='ltr'><em>baud</em></span> <span class='ocrx_word' id='word_1_190' title='bbox 1871 3256 2055 3349; x_wconf 77' lang='lat' dir='ltr'><em>sollieiti5</em></span> <span class='ocrx_word' id='word_1_191' title='bbox 2093 3257 2175 3327; x_wconf 86' lang='lat' dir='ltr'><em>dum</em></span> 
     </span>
     <span class='ocr_line' id='line_1_22' title="bbox 567 3371 1804 3482; baseline 0.004 -28"><span class='ocrx_word' id='word_1_192' title='bbox 567 3381 702 3474; x_wconf 82' lang='lat' dir='ltr'><em>futoro</em></span> <span class='ocrx_word' id='word_1_193' title='bbox 717 3386 844 3456; x_wconf 85' lang='lat' dir='ltr'><strong><em>solido</em></strong></span> <span class='ocrx_word' id='word_1_194' title='bbox 862 3387 962 3456; x_wconf 88' lang='lat' dir='ltr'><em>satis</em></span> <span class='ocrx_word' id='word_1_195' title='bbox 977 3398 1134 3457; x_wconf 86' lang='lat' dir='ltr'><em>cautum</em></span> <span class='ocrx_word' id='word_1_196' title='bbox 1150 3400 1238 3458; x_wconf 86' lang='lat' dir='ltr'><em>erat</em></span> <span class='ocrx_word' id='word_1_197' title='bbox 1246 3438 1259 3472; x_wconf 93' lang='lat'><em>,</em></span> <span class='ocrx_word' id='word_1_198' title='bbox 1286 3411 1333 3458; x_wconf 92' lang='lat' dir='ltr'><em>ne</em></span> <span class='ocrx_word' id='word_1_199' title='bbox 1352 3409 1482 3482; x_wconf 87' lang='lat' dir='ltr'><em>cespes</em></span> <span class='ocrx_word' id='word_1_200' title='bbox 1500 3398 1708 3458; x_wconf 87' lang='lat' dir='ltr'><em>corrueret.</em></span> <span class='ocrx_word' id='word_1_201' title='bbox 1800 3371 1804 3380; x_wconf 43' lang='lat'><em>¹</em></span> 
     </span>
    </p>

    <p class='ocr_par' dir='ltr' id='par_1_7' title="bbox 506 3515 2178 4150">
     <span class='ocr_line' id='line_1_23' title="bbox 758 3515 2176 3619; baseline 0.004 -30"><span class='ocrx_word' id='word_1_202' title='bbox 758 3518 956 3589; x_wconf 69' lang='lat' dir='ltr'><em>vHistoria</em></span> <span class='ocrx_word' id='word_1_203' title='bbox 974 3520 1094 3590; x_wconf 85' lang='lat' dir='ltr'><em>Gisiii</em></span> <span class='ocrx_word' id='word_1_204' title='bbox 1109 3520 1287 3590; x_wconf 87' lang='lat' dir='ltr'><em>Sursonii</em></span> <span class='ocrx_word' id='word_1_205' title='bbox 1302 3515 1356 3614; x_wconf 87' lang='lat'><em>**)</em></span> <span class='ocrx_word' id='word_1_206' title='bbox 1379 3518 1572 3589; x_wconf 85' lang='lat' dir='ltr'><em>rationem</em></span> <span class='ocrx_word' id='word_1_207' title='bbox 1590 3515 1785 3606; x_wconf 80' lang='lat' dir='ltr'><em>describit,</em></span> <span class='ocrx_word' id='word_1_208' title='bbox 1811 3543 1884 3618; x_wconf 82' lang='lat' dir='ltr'><em>qua</em></span> <span class='ocrx_word' id='word_1_209' title='bbox 1905 3521 2063 3594; x_wconf 80' lang='lat' dir='ltr'><em>lelandi</em></span> <span class='ocrx_word' id='word_1_210' title='bbox 2087 3544 2176 3619; x_wconf 81' lang='lat' dir='ltr'><em>quo-</em></span> 
     </span>
     <span class='ocr_line' id='line_1_24' title="bbox 573 3645 2176 3741; baseline 0.007 -28"><span class='ocrx_word' id='word_1_211' title='bbox 573 3656 664 3715; x_wconf 87' lang='lat' dir='ltr'><em>tuor</em></span> <span class='ocrx_word' id='word_1_212' title='bbox 678 3645 747 3716; x_wconf 84' lang='lat' dir='ltr'><em>sub</em></span> <span class='ocrx_word' id='word_1_213' title='bbox 756 3646 877 3741; x_wconf 84' lang='lat' dir='ltr'><em>finem</em></span> <span class='ocrx_word' id='word_1_214' title='bbox 899 3651 1019 3722; x_wconf 84' lang='lat' dir='ltr'><em>seculi</em></span> <span class='ocrx_word' id='word_1_215' title='bbox 1040 3650 1177 3720; x_wconf 81' lang='lat' dir='ltr'><em>decimi</em></span> <span class='ocrx_word' id='word_1_216' title='bbox 1196 3662 1375 3721; x_wconf 83' lang='lat' dir='ltr'><em>sanctum</em></span> <span class='ocrx_word' id='word_1_217' title='bbox 1393 3650 1582 3721; x_wconf 78' lang='lat' dir='ltr'><em>amicitia</em></span> <span class='ocrx_word' id='word_1_218' title='bbox 1598 3651 1739 3741; x_wconf 78' lang='lat' dir='ltr'><em>foedus</em></span> <span class='ocrx_word' id='word_1_219' title='bbox 1763 3652 1932 3725; x_wconf 86' lang='lat' dir='ltr'><em>solienni</em></span> <span class='ocrx_word' id='word_1_220' title='bbox 1951 3656 2063 3727; x_wconf 85' lang='lat' dir='ltr'><strong><em>modo</em></strong></span> <span class='ocrx_word' id='word_1_221' title='bbox 2084 3655 2176 3726; x_wconf 86' lang='lat' dir='ltr'><em>inire</em></span> 
     </span>
     <span class='ocr_line' id='line_1_25' title="bbox 571 3778 2175 3881; baseline 0.007 -34"><span class='ocrx_word' id='word_1_222' title='bbox 571 3778 706 3849; x_wconf 88' lang='lat' dir='ltr'><em>conati</em></span> <span class='ocrx_word' id='word_1_223' title='bbox 729 3791 821 3850; x_wconf 89' lang='lat' dir='ltr'><em>sunt</em></span> <span class='ocrx_word' id='word_1_224' title='bbox 845 3779 908 3852; x_wconf 85' lang='lat' dir='ltr'><em>bis</em></span> <span class='ocrx_word' id='word_1_225' title='bbox 931 3781 1075 3854; x_wconf 78' lang='lat' dir='ltr'><em>uerbis:</em></span> <span class='ocrx_word' id='word_1_226' title='bbox 1101 3778 1256 3875; x_wconf 68' lang='lat' dir='ltr'><em>”Gisgo</em></span> <span class='ocrx_word' id='word_1_227' title='bbox 1281 3782 1333 3853; x_wconf 78' lang='lat' dir='ltr'><em>nb</em></span> <span class='ocrx_word' id='word_1_228' title='bbox 1358 3781 1401 3853; x_wconf 77' lang='lat' dir='ltr'><em>bt</em></span> <span class='ocrx_word' id='word_1_229' title='bbox 1425 3783 1441 3852; x_wconf 82' lang='lat' dir='ltr'><strong><em>i</em></strong></span> <span class='ocrx_word' id='word_1_230' title='bbox 1462 3783 1814 3877; x_wconf 79' lang='lat' dir='ltr'><em>Eyrsrhvols-odds</em></span> <span class='ocrx_word' id='word_1_231' title='bbox 1840 3787 1886 3858; x_wconf 84' lang='lat' dir='ltr'><em>ok</em></span> <span class='ocrx_word' id='word_1_232' title='bbox 1910 3789 2088 3874; x_wconf 74' lang='lat' dir='ltr'><em>ristelosr</em></span> <span class='ocrx_word' id='word_1_233' title='bbox 2109 3811 2175 3881; x_wconf 88' lang='lat' dir='ltr'><em>upp</em></span> 
     </span>
     <span class='ocr_line' id='line_1_26' title="bbox 506 3909 2175 4011; baseline 0.005 -31"><span class='ocrx_word' id='word_1_234' title='bbox 506 3935 516 3948; x_wconf 78' lang='lat'>·</span> <span class='ocrx_word' id='word_1_235' title='bbox 568 3909 805 4003; x_wconf 79' lang='lat' dir='ltr'><em>Jordarm&#39;en,</em></span> <span class='ocrx_word' id='word_1_236' title='bbox 838 3935 904 3986; x_wconf 80' lang='lat' dir='ltr'><em>svo</em></span> <span class='ocrx_word' id='word_1_237' title='bbox 929 3915 1036 3985; x_wconf 75' lang='lat' dir='ltr'><em>bbdir</em></span> <span class='ocrx_word' id='word_1_238' title='bbox 1060 3915 1176 3986; x_wconf 83' lang='lat' dir='ltr'><em>endsr</em></span> <span class='ocrx_word' id='word_1_239' title='bbox 1202 3939 1295 3986; x_wconf 82' lang='lat' dir='ltr'><em>voru</em></span> <span class='ocrx_word' id='word_1_240' title='bbox 1319 3914 1334 3984; x_wconf 77' lang='lat'><strong><em>1</em></strong></span> <span class='ocrx_word' id='word_1_241' title='bbox 1358 3913 1468 4006; x_wconf 83' lang='lat' dir='ltr'><em>jbrdu</em></span> <span class='ocrx_word' id='word_1_242' title='bbox 1492 3915 1616 4004; x_wconf 75' lang='lat' dir='ltr'><em>festis,</em></span> <span class='ocrx_word' id='word_1_243' title='bbox 1642 3941 1690 4011; x_wconf 82' lang='lat' dir='ltr'><em>og</em></span> <span class='ocrx_word' id='word_1_244' title='bbox 1715 3929 1808 3992; x_wconf 83' lang='lat' dir='ltr'><em>settu</em></span> <span class='ocrx_word' id='word_1_245' title='bbox 1829 3929 1899 4007; x_wconf 72' lang='lat' dir='ltr'><em>por</em></span> <span class='ocrx_word' id='word_1_246' title='bbox 1921 3921 2034 3992; x_wconf 87' lang='lat' dir='ltr'><strong><em>uodir</em></strong></span> <span class='ocrx_word' id='word_1_247' title='bbox 2059 3921 2175 3992; x_wconf 80' lang='lat' dir='ltr'><em>Mile-</em></span> 
     </span>
     <span class='ocr_line' id='line_1_27' title="bbox 570 4041 2178 4150; baseline 0.006 -38"><span class='ocrx_word' id='word_1_248' title='bbox 570 4041 757 4135; x_wconf 63' lang='lat' dir='ltr'><em>sptbtm)</em></span> <span class='ocrx_word' id='word_1_249' title='bbox 789 4055 854 4132; x_wconf 78' lang='lat' dir='ltr'><em>pst</em></span> <span class='ocrx_word' id='word_1_250' title='bbox 876 4069 918 4117; x_wconf 83' lang='lat' dir='ltr'><em>er</em></span> <span class='ocrx_word' id='word_1_251' title='bbox 941 4070 1053 4122; x_wconf 86' lang='lat' dir='ltr'><em>menn</em></span> <span class='ocrx_word' id='word_1_252' title='bbox 1078 4049 1194 4122; x_wconf 68' lang='lat' dir='ltr'><em>mitto</em></span> <span class='ocrx_word' id='word_1_253' title='bbox 1217 4047 1299 4121; x_wconf 76' lang='lat' dir='ltr'><em>take</em></span> <span class='ocrx_word' id='word_1_254' title='bbox 1331 4045 1447 4120; x_wconf 87' lang='lat' dir='ltr'><em>hendi</em></span> <span class='ocrx_word' id='word_1_255' title='bbox 1471 4050 1569 4124; x_wconf 84' lang='lat' dir='ltr'><em>sinui</em></span> <span class='ocrx_word' id='word_1_256' title='bbox 1603 4051 1646 4124; x_wconf 85' lang='lat' dir='ltr'><em>til</em></span> <span class='ocrx_word' id='word_1_257' title='bbox 1669 4051 1878 4150; x_wconf 78' lang='lat' dir='ltr'><em>geyrnsgle.</em></span> <span class='ocrx_word' id='word_1_258' title='bbox 1938 4055 2029 4147; x_wconf 81' lang='lat' dir='ltr'><em>peis</em></span> <span class='ocrx_word' id='word_1_259' title='bbox 2052 4053 2178 4149; x_wconf 80' lang='lat' dir='ltr'><em>skyldn</em></span> 
     </span>
    </p>
   </div>
   <div class='ocr_carea' id='block_1_5' title="bbox 531 4307 2182 4790">
    <p class='ocr_par' dir='ltr' id='par_1_8' title="bbox 618 4307 2178 4402">
     <span class='ocr_line' id='line_1_28' title="bbox 618 4307 2178 4402; baseline 0.01 -34"><span class='ocrx_word' id='word_1_260' title='bbox 618 4307 648 4388; x_wconf 80' lang='lat'><em>*)</em></span> <span class='ocrx_word' id='word_1_261' title='bbox 673 4310 700 4369; x_wconf 81' lang='lat' dir='ltr'><em>J.</em></span> <span class='ocrx_word' id='word_1_262' title='bbox 716 4309 750 4370; x_wconf 87' lang='lat' dir='ltr'><em>C.</em></span> <span class='ocrx_word' id='word_1_263' title='bbox 773 4315 815 4373; x_wconf 87' lang='grc' dir='ltr'><em>Η.</em></span> <span class='ocrx_word' id='word_1_264' title='bbox 834 4317 964 4378; x_wconf 82' lang='lat' dir='ltr'><em>Drciers</em></span> <span class='ocrx_word' id='word_1_265' title='bbox 979 4315 1201 4380; x_wconf 80' lang='lat' dir='ltr'><em>Miscellaneen</em></span> <span class='ocrx_word' id='word_1_266' title='bbox 1215 4313 1346 4379; x_wconf 74' lang='lat' dir='ltr'><em>Liibeek</em></span> <span class='ocrx_word' id='word_1_267' title='bbox 1371 4325 1462 4393; x_wconf 72' lang='grc'><em>1784</em></span> <span class='ocrx_word' id='word_1_268' title='bbox 1474 4320 1507 4380; x_wconf 85' lang='lat' dir='ltr'><em>in</em></span> <span class='ocrx_word' id='word_1_269' title='bbox 1528 4326 1562 4388; x_wconf 84' lang='grc'><em>4.</em></span> <span class='ocrx_word' id='word_1_270' title='bbox 1582 4320 1612 4380; x_wconf 88' lang='lat' dir='ltr'><em>S.</em></span> <span class='ocrx_word' id='word_1_271' title='bbox 1634 4325 1701 4390; x_wconf 80' lang='lat'><em>102</em></span> <span class='ocrx_word' id='word_1_272' title='bbox 1716 4339 1781 4402; x_wconf 65' lang='grc' dir='ltr'><em>αφ’.</em></span> <span class='ocrx_word' id='word_1_273' title='bbox 1797 4317 2008 4402; x_wconf 80' lang='lat' dir='ltr'><em>Abhundlung</em></span> <span class='ocrx_word' id='word_1_274' title='bbox 2031 4343 2098 4386; x_wconf 79' lang='lat' dir='ltr'><em>von</em></span> <span class='ocrx_word' id='word_1_275' title='bbox 2123 4323 2178 4384; x_wconf 81' lang='lat' dir='ltr'><em>bon</em></span> 
     </span>
    </p>

    <p class='ocr_par' dir='ltr' id='par_1_9' title="bbox 703 4396 2179 4484">
     <span class='ocr_line' id='line_1_29' title="bbox 703 4396 2179 4484; baseline 0.01 -34"><span class='ocrx_word' id='word_1_276' title='bbox 703 4412 743 4451; x_wconf 83' lang='lat' dir='ltr'><em>sn</em></span> <span class='ocrx_word' id='word_1_277' title='bbox 764 4396 886 4474; x_wconf 82' lang='lat' dir='ltr'><em>einigen</em></span> <span class='ocrx_word' id='word_1_278' title='bbox 902 4401 1003 4460; x_wconf 83' lang='lat' dir='ltr'><em>Orten</em></span> <span class='ocrx_word' id='word_1_279' title='bbox 1024 4399 1132 4458; x_wconf 82' lang='lat' dir='ltr'><em>iiblich</em></span> <span class='ocrx_word' id='word_1_280' title='bbox 1154 4419 1337 4476; x_wconf 82' lang='lat' dir='ltr'><em>gewesonen</em></span> <span class='ocrx_word' id='word_1_281' title='bbox 1353 4402 1564 4464; x_wconf 86' lang='lat' dir='ltr'><em>Gowohnheit</em></span> <span class='ocrx_word' id='word_1_282' title='bbox 1590 4399 1652 4464; x_wconf 77' lang='lat' dir='ltr'><em>den</em></span> <span class='ocrx_word' id='word_1_283' title='bbox 1666 4405 1729 4465; x_wconf 85' lang='lat' dir='ltr'><em>Eid</em></span> <span class='ocrx_word' id='word_1_284' title='bbox 1755 4405 1810 4466; x_wconf 70' lang='lat' dir='ltr'><em>aut</em></span> <span class='ocrx_word' id='word_1_285' title='bbox 1837 4405 1960 4484; x_wconf 79' lang='lat' dir='ltr'><em>griinen</em></span> <span class='ocrx_word' id='word_1_286' title='bbox 1976 4409 2063 4469; x_wconf 81' lang='lat' dir='ltr'><em>Sodc</em></span> <span class='ocrx_word' id='word_1_287' title='bbox 2087 4410 2179 4466; x_wconf 74' lang='lat' dir='ltr'><em>abuu-</em></span> 
     </span>
    </p>

    <p class='ocr_par' dir='ltr' id='par_1_10' title="bbox 583 4479 2180 4632">
     <span class='ocr_line' id='line_1_30' title="bbox 583 4479 2180 4566; baseline 0.011 -37"><span class='ocrx_word' id='word_1_288' title='bbox 583 4533 586 4542; x_wconf 60' lang='grc'>,</span> <span class='ocrx_word' id='word_1_289' title='bbox 701 4483 824 4538; x_wconf 81' lang='lat' dir='ltr'><em>stetten.</em></span> <span class='ocrx_word' id='word_1_290' title='bbox 858 4480 976 4544; x_wconf 79' lang='lat' dir='ltr'><em>Bohme</em></span> <span class='ocrx_word' id='word_1_291' title='bbox 994 4479 1227 4560; x_wconf 81' lang='lat' dir='ltr'><em>diplomatische</em></span> <span class='ocrx_word' id='word_1_292' title='bbox 1245 4485 1401 4564; x_wconf 71' lang='lat' dir='ltr'><em>Boytrbgo</em></span> <span class='ocrx_word' id='word_1_293' title='bbox 1417 4505 1474 4545; x_wconf 81' lang='lat' dir='ltr'><em>eur</em></span> <span class='ocrx_word' id='word_1_294' title='bbox 1484 4485 1725 4566; x_wconf 77' lang='lat' dir='ltr'><em>Untersuchuag</em></span> <span class='ocrx_word' id='word_1_295' title='bbox 1741 4487 1798 4550; x_wconf 86' lang='lat' dir='ltr'><em>der</em></span> <span class='ocrx_word' id='word_1_296' title='bbox 1823 4487 2041 4552; x_wconf 84' lang='lat' dir='ltr'><em>Schlesisohcn</em></span> <span class='ocrx_word' id='word_1_297' title='bbox 2064 4485 2180 4551; x_wconf 81' lang='lat' dir='ltr'><em>Rechts</em></span> 
     </span>
     <span class='ocr_line' id='line_1_31' title="bbox 667 4555 1769 4632; baseline 0.025 -20"><span class='ocrx_word' id='word_1_298' title='bbox 667 4595 678 4626; x_wconf 83' lang='lat'><em>,</em></span> <span class='ocrx_word' id='word_1_299' title='bbox 702 4555 768 4614; x_wconf 78' lang='lat' dir='ltr'><em>und</em></span> <span class='ocrx_word' id='word_1_300' title='bbox 788 4559 972 4625; x_wconf 68' lang='lat' dir='ltr'><em>oeschichts</em></span> <span class='ocrx_word' id='word_1_301' title='bbox 989 4573 1013 4630; x_wconf 71' lang='lat' dir='ltr'><em>a</em></span> <span class='ocrx_word' id='word_1_302' title='bbox 1030 4567 1066 4623; x_wconf 85' lang='lat' dir='ltr'><em>B.</em></span> <span class='ocrx_word' id='word_1_303' title='bbox 1090 4574 1105 4630; x_wconf 90' lang='lat'><em>1</em></span> <span class='ocrx_word' id='word_1_304' title='bbox 1126 4563 1185 4622; x_wconf 84' lang='lat' dir='ltr'><em>Th.</em></span> <span class='ocrx_word' id='word_1_305' title='bbox 1206 4566 1234 4622; x_wconf 86' lang='lat' dir='ltr'><em>s.</em></span> <span class='ocrx_word' id='word_1_306' title='bbox 1250 4575 1323 4632; x_wconf 80' lang='lat' dir='ltr'><em>nn.</em></span> <span class='ocrx_word' id='word_1_307' title='bbox 1765 4559 1769 4568; x_wconf 82' lang='lat'>&#39;</span> 
     </span>
    </p>

    <p class='ocr_par' dir='ltr' id='par_1_11' title="bbox 531 4629 2182 4790">
     <span class='ocr_line' id='line_1_32' title="bbox 531 4629 2182 4790; baseline 0.014 -98"><span class='ocrx_word' id='word_1_308' title='bbox 531 4652 535 4670; x_wconf 88' lang='grc'><em>·</em></span> <span class='ocrx_word' id='word_1_309' title='bbox 594 4629 640 4712; x_wconf 82' lang='lat'><em>**)</em></span> <span class='ocrx_word' id='word_1_310' title='bbox 659 4633 1117 4790; x_wconf 48' lang='lat' dir='ltr'><em>Agatapsiornmannabbgur</em></span> <span class='ocrx_word' id='word_1_311' title='bbox 1132 4646 1171 4705; x_wconf 81' lang='lat' dir='ltr'><em>ad</em></span> <span class='ocrx_word' id='word_1_312' title='bbox 1185 4645 1317 4726; x_wconf 81' lang='lat' dir='ltr'><em>Forlage</em></span> <span class='ocrx_word' id='word_1_313' title='bbox 1334 4648 1448 4710; x_wconf 81' lang='lat' dir='ltr'><em>Bibrns</em></span> <span class='ocrx_word' id='word_1_314' title='bbox 1462 4648 1682 4714; x_wconf 77' lang='lat' dir='ltr'><em>Marobssonsr</em></span> <span class='ocrx_word' id='word_1_315' title='bbox 1697 4651 1732 4712; x_wconf 85' lang='lat' dir='ltr'><em>in</em></span> <span class='ocrx_word' id='word_1_316' title='bbox 1748 4655 1780 4722; x_wconf 89' lang='lat'><em>8.</em></span> <span class='ocrx_word' id='word_1_317' title='bbox 1839 4654 1958 4716; x_wconf 80' lang='lat' dir='ltr'><em>Hblum</em></span> <span class='ocrx_word' id='word_1_318' title='bbox 1972 4653 2182 4718; x_wconf 80' lang='lat' dir='ltr'><strong>MDCCLVI·</strong></span> 
     </span>
    </p>
   </div>
   <div class='ocr_carea' id='block_1_6' title="bbox 509 4795 2183 4964">
    <p class='ocr_par' dir='ltr' id='par_1_12' title="bbox 509 4795 2183 4964">
     <span class='ocr_line' id='line_1_33' title="bbox 509 4795 2183 4897; baseline 0.008 -37"><span class='ocrx_word' id='word_1_319' title='bbox 509 4803 511 4808; x_wconf 78' lang='lat'>&#39;</span> <span class='ocrx_word' id='word_1_320' title='bbox 565 4795 628 4878; x_wconf 57' lang='grc' dir='ltr'><em>Μ)</em></span> <span class='ocrx_word' id='word_1_321' title='bbox 662 4799 713 4860; x_wconf 85' lang='lat' dir='ltr'><em>De</em></span> <span class='ocrx_word' id='word_1_322' title='bbox 735 4803 904 4884; x_wconf 76' lang='lat' dir='ltr'><em>Mttaspitt</em></span> <span class='ocrx_word' id='word_1_323' title='bbox 921 4809 992 4868; x_wconf 74' lang='lat' dir='ltr'><em>uide</em></span> <span class='ocrx_word' id='word_1_324' title='bbox 1008 4831 1076 4890; x_wconf 77' lang='lat' dir='ltr'><em>qva</em></span> <span class='ocrx_word' id='word_1_325' title='bbox 1091 4811 1294 4886; x_wconf 74' lang='lat' dir='ltr'><em>dispenantur</em></span> <span class='ocrx_word' id='word_1_326' title='bbox 1308 4814 1353 4875; x_wconf 80' lang='lat' dir='ltr'><em>aci</em></span> <span class='ocrx_word' id='word_1_327' title='bbox 1370 4815 1485 4874; x_wconf 81' lang='lat' dir='ltr'><em>calcem</em></span> <span class='ocrx_word' id='word_1_328' title='bbox 1507 4817 1583 4876; x_wconf 76' lang='lat' dir='ltr'><em>uitoe</em></span> <span class='ocrx_word' id='word_1_329' title='bbox 1595 4815 1833 4897; x_wconf 57' lang='lat' dir='ltr'><em>Vim-(ilum</em></span> <span class='ocrx_word' id='word_1_330' title='bbox 1849 4820 2003 4882; x_wconf 80' lang='lat' dir='ltr'><em>inindice</em></span> <span class='ocrx_word' id='word_1_331' title='bbox 2027 4840 2138 4884; x_wconf 76' lang='lat' dir='ltr'><em>uectem</em></span> <span class='ocrx_word' id='word_1_332' title='bbox 2150 4838 2183 4896; x_wconf 90' lang='lat' dir='ltr'><em>p.</em></span> 
     </span>
     <span class='ocr_line' id='line_1_34' title="bbox 703 4892 2109 4964; baseline 0.001 -12"><span class='ocrx_word' id='word_1_333' title='bbox 703 4892 888 4960; x_wconf 79' lang='lat'>211··212·</span> <span class='ocrx_word' id='word_1_334' title='bbox 936 4894 1282 4964; x_wconf 75' lang='lat' dir='ltr'><strong><em>Haonioe1786in4.</em></strong></span> <span class='ocrx_word' id='word_1_335' title='bbox 2102 4935 2109 4946; x_wconf 87' lang='lat'><strong>·</strong></span> 
     </span>
    </p>
   </div>
   <div class='ocr_carea' id='block_1_7' title="bbox 0 0 2324 5844">
    <p class='ocr_par' dir='ltr' id='par_1_13' title="bbox 0 0 2324 5844">
     <span class='ocr_line' id='line_1_35' title="bbox 0 0 2324 5844; baseline 0 0"><span class='ocrx_word' id='word_1_336' title='bbox 0 0 2324 5844; x_wconf 95' lang='lat' dir='ltr'><em> </em></span> 
     </span>
    </p>
   </div>
  </div>
 </body>
</html>
