4612 5838
876 514 1082 640 ..s-72„

163 757 414 859 potissimum
443 781 751 854 proposueram,
800 775 845 837 ut
874 766 931 836 ael
954 763 1213 837 Britanniam
1243 764 1520 860 navigaremus
1527 789 1540 854 ,·
1597 764 1651 836 ibi
1681 768 1802 840 euim·

166 892 398 964 christianis
420 892 702 963 mercatoribus
720 894 867 968 'bonum
898 909 956 968 est
991 896 1227 992 hospitium,
1273 909 1422 984 tamen,
1470 909 1675 994 antequam
1711 899 1785 970 ltoc

166 1035 299 1130 ratum
324 1023 584 1112 constituam,
617 1047 745 1120 regent
774 1029 998 1102 conveniam
1004 1053 1018 1118 ,·
1059 1031 1128 1100 ille
1153 1031 1255 1101 enim
1277 1055 1402 1100 meam
1422 1031 1782 1126 peregrinationem

161 1179 310 1253 parum
327 1154 533 1250 probavit,
558 1158 714 1252 qvando
741 1159 851 1231 nobis
875 1160 948 1232 boo
971 1163 1128 1234 versele
1151 1163 1324 1253 illasuit
1347 1147 1587 1258 colloquium.
1638 1161 1775 1233 Kalvo

164 1289 383 1360 discedente
410 1287 634 1383 K‘J'artanus
666 1313 794 1385 regem
831 1291 937 1362 adiit
965 1280 1050 1364 eum
1083 1293 1243 1365 comiter
1278 1296 1474 1364 salutans.
1552 1295 1638 1365 Rex
1667 1294 1781 1369 illam

164 1422 283 1492 latus
303 1421 497 1516 excipiens
513 1421 683 1516 rogavit,
709 1425 820 1518 quale
841 1423 905 1495 illi
923 1449 1008 1497 cum
1030 1426 1144 1495 sociis
1151 1423 1283 1516 suerit
1307 1423 1547 1520 colloquium.
1608 1426 1782 1520 Kjarta-

162 1575 237 1627 nus
249 1554 497 1648 propositum
513 1553 660 1649 quidem
676 1553 850 1626 elocutus
872 1555 952 1628 sibi.
972 1568 1101 1629 tamen
1117 1556 1316 1653 diuitjam
1343 1558 1387 1630 iel
1400 1581 1484 1627 cum
1502 1579 1590 1650 rege
1610 1580 1692 1626 esse
1708 1582 1779 1628 ne·

158 1687 279 1782 gotii,
319 1697 365 1758 ut
383 1685 538 1756 ueniam
563 1687 853 1782 peregrinandi
886 1688 937 1759 ab
961 1714 1005 1761 eo
1017 1701 1181 1784 peteret.
1260 1693 1346 1763 Rea
1371 1691 1495 1762 dixit:
1527 1673 1780 1783 trac‘qotuem

162 1819 246 1914 lege
269 1803 338 1915 ego
362 1815 435 1890 tibi
449 1817 655 1912 ¹Kjartaue
675 1821 931 1916 peregrinari
953 1821 1203 1918 permittam,
1229 1835 1274 1894 ut
1298 1823 1375 1894 ltac
1401 1833 1541 1910 astate
1567 1822 1623 1892 ad
1641 1821 1781 1892 Islaa-

47 1923 49 1928 ,
161 1953 272 2024 diam
290 1952 454 2041 tendas,
485 1949 613 2046 ibique
629 1950 804 2026 homines
820 1953 877 2026 acl
902 1951 1243 2024 Christianismum
1253 1957 1470 2050 perducas,
1513 1952 1591 2026 sive
1615 1953 1671 2042 oi,
1698 1952 1779 2026 sive

159 2085 337 2156 consilio.
390 2081 481 2154 Hoc
501 2073 633 2155 cutem
660 2083 754 2178 iter,
782 2084 818 2156 si
841 2083 912 2154 tibi
936 2085 1091 2156 cicietur
1117 2069 1338 2178 difficilius,
1371 2087 1481 2156 nullo
1505 2097 1628 2180 poeto
1654 2097 1690 2154 te
1711 2084 1778 2152 ‹li-

156 2215 314 2287 mittere
338 2215 551 2306 constitui;
609 2239 776 2313 nomque
807 2217 985 2289 existimo
1018 2216 1157 2288 melius
1189 2215 1261 2287 tibi
1295 2218 1499 2291 conuenire
1527 2217 1640 2311 opud
1654 2215 1778 2311 prin-

156 2347 268 2443 cipes
287 2347 441 2440 (legere,
477 2369 589 2442 qoam
612 2361 875 2421 mercaturam
898 2371 1081 2421 exercere.
1145 2349 1370 2442 Kjartanus
1392 2351 1528 2446 potius
1556 2348 1631 2419 sibi
1648 2361 1779 2442 puta-

153 2478 219 2554 vit
241 2477 458 2573 eligendum
479 2481 593 2575 apud
608 2502 733 2576 regem
752 2481 1004 2572 commorari,
1030 2505 1145 2578 qoam
1161 2481 1276 2553 odire
1291 2480 1514 2554 lelandiam
1533 2483 1589 2553 ael
1614 2479 1778 2576 religio-

150 2606 245 2685 nem
256 2611 580 2707 pradicanclom:
604 2615 710 2686 nolle
725 2614 828 2687 enim
848 2636 992 2716 secum
1005 2614 1241 2712 propinquis
1260 2617 1343 2686 suis
1359 2615 1398 2690 oi
1416 2613 1646 2686 contendere
1662 2614 1776 2686 elisit.

153 2743 214 2818 Et
233 2744 306 2816 boc
330 2743 497 2840 quidem,
532 2744 676 2839 inquit,
712 2748 759 2818 rie
777 2757 900 2840 patre
923 2747 1132 2842 ceterisque
1149 2745 1419 2841 principibus,
1445 2745 1580 2843 quibus
1600 2745 1778 2840 propin·
1841 2751 1846 2764 ’
1894 2805 1897 2810 ,

157 2876 226 2972 qvi
246 2873 322 2946 mei
346 2876 543 2968 conjuncti
568 2887 677 2961 sunt,
703 2875 976 2962 uerisimilius,
1003 2877 1102 2970 qood
1122 2873 1166 2945 ob
1188 2877 1231 2946 iel
1243 2877 1355 2949 baud
1378 2879 1506 2974 magis
1530 2889 1609 2948 tuoe
1634 2878 1778 2950 uolun-

157 3004 242 3076 tati
266 2983 587 3097 tergioersentur,
627 3006 662 3076 si
688 3030 756 3100 ego
782 3005 823 3076 in
849 3017 918 3075 tua
934 3008 1057 3096 suero
1074 3019 1293 3102 potestate,
1328 3009 1425 3080 bono
1453 3022 1565 3080 utens
1593 3009 1776 3104 bospitio.

155 3142 248 3212 Reor
272 3136 499 3230 respondit:
536 3148 579 3206 tu
600 3135 746 3232 quidem
765 3134 936 3231 elegisti,
969 3135 1030 3207 uti
1045 3137 1281 3230 prudentem
1308 3117 1422 3234 atoue
1442 3163 1627 3234 magnum
1649 3139 1779 3208 decuit

157 3268 301 3342 uirum.
358 3265 455 3338 Tam
481 3289 551 3338 rex
571 3267 772 3362 Kjartono
798 3267 929 3340 omnia
961 3269 1209 3355 vestimenta,
1246 3293 1401 3342 ecocoo
1429 3289 1556 3366 nuper
1579 3267 1776 3361 consecto,

158 3397 343 3488 donanim·
392 3395 468 3467 illa
502 3400 652 3493 qotilem
683 3399 720 3470 ei
753 3397 847 3471 bene
880 3423 1107 3490 convenere,
1157 3415 1413 3473 memoratum
1454 3401 1556 3472 enim
1583 3412 1642 3470 est
1673 3400 1778 3494 regis

160 3530 281 3603 otest
313 3540 427 3624 atqve
453 3529 647 3622 Kjartaai
668 3532 830 3604 eandem
850 3530 978 3623 fnisse
1013 3542 1233 3623 staturam,
1265 3535 1424 3630 quondo
1451 3533 1648 3629 utriusque
1667 3555 1778 3603 men·
1845 3540 1849 3548 '

157 3685 257 3736 suro
292 3660 503 3755 explorata
526 3661 670 3755 suerit.
755 3665 842 3738 Rex
878 3663 1024 3736 Oinous
1056 3663 1166 3736 misit
1194 3645 1511 3738 adtuendam
1540 3665 1779 3737 sacerdotem

159 3815 274 3866 suum
299 3793 495 3884 aulicum,
534 3794 868 3892 litangbronclum
896 3795 1070 3890 nomine,·
1102 3797 1171 3868 ille
1186 3800 1368 3893 peruenit
1390 3799 1447 3870 ad
1469 3796 1779 3890 Alftafi'o'rdum,
1855 3855 1858 3861 .

162 3921 203 3998 b<
232 3924 435 3997 llioottaat
460 3928 573 4020 apud
597 3927 849 4000 Siduballum
864 3951 942 4024 per
970 3927 1143 4024 hyemem
1172 3929 1504 4010 commorabatur,
1530 3928 1779 4023 religionem-

163 4081 234 4155 que
255 4057 516 4150 proedicooit,
538 4071 577 4132 et
603 4059 767 4131 lenitate
787 4057 989 4132 verborum
1016 4054 1055 4128 8(
1074 4061 1278 4132 seueritate
1300 4085 1448 4156 poena.
1515 4057 1780 4155 Tbangbran-

165 4191 238 4260 clus
267 4191 364 4260 duos
395 4187 569 4264 bomines
604 4189 820 4284 interfecit,
856 4191 920 4287 qvi
948 4191 1116 4262 rnaxime
1139 4191 1322 4286 religioni
1348 4192 1569 4264 obstabant.
1626 4189 1779 4264 Hallus

38 4409 50 4422 ,
164 4345 254 4394 sero
283 4321 509 4416 religionem
526 4324 752 4420 amplexus,
796 4323 859 4398 die
880 4323 1046 4394 Saturni
1065 4323 1314 4414 antefactum
1333 4325 1553 4420 pasclsatos
1568 4346 1653 4394 cum
1675 4322 1780 4394 omni

161 4453 368 4546 famulitio
386 4454 616 4554 baptizatus
640 4467 707 4529 est.
765 4455 861 4528 tum
877 4479 1019 4552 qvoqve
1041 4455 1227 4526 Gissurus
1243 4457 1391 4529 Hoitas
1407 4453 1565 4554 (Albus)
1585 4480 1634 4528 ac
1649 4455 1779 4528 Hial-

168 4588 266 4678 tius‚
292 4585 431 4686 Sbeggi
444 4587 581 4684 filius,
607 4587 790 4684 multique
816 4589 892 4660 alii
915 4588 1120 4684 principes
1142 4589 1359 4686 baptisati3
1388 4589 1513 4664 multo
1529 4601 1659 4662 tamen
1679 4587 1780 4684 plu·-

168 4741 229 4790 res
248 4719 476 4814 religionem
501 4717 749 4818 tergiversati
759 4745 773 4816 ,·
811 4732 963 4818 tumque
982 4745 1087 4817 soepe
1117 4722 1220 4794 inter
1244 4722 1481 4796 christianos
1508 4735 1622 4820 atque
1638 4740 1778 4814 pago-

170 4875 239 4922 nos
273 4867 419 4926 exortes
443 4854 707 4927 contentiones
716 4877 727 4946 3
771 4849 979 4951 &quidem
1004 4857 1208 4954 principes
1234 4856 1281 4927 cle
1313 4881 1356 4928 eo
1385 4856 1487 4926 iuter
1506 4880 1546 4926 se
1576 4849 1782 4922 consulta-

1504 5007 1583 5074 22
