4638 5844
879 477 1095 606 293-

175 760 330 836 sequere
342 731 588 832 dignitatem.
642 725 802 826 [lictus
816 725 1059 824 respondite]
1088 729 1178 826 qvid
1193 741 1274 803 tum
1292 730 1438 826 negotii
1449 729 1701 825 potissimum
1721 739 1796 826 ,gs-3

173 865 455 944 riturOttore?
481 858 817 964 [Ottorusdixim]
844 861 928 956 Ego
948 862 1222 935 Thorsteinum
1236 866 1472 936 Holsensem
1486 864 1719 936 acBollium
1729 862 1794 933 iiic

171 1006 388 1099 adflumen
403 999 610 1093 confligere
625 1009 805 1084 autumo,
832 1020 987 1088 moguae
1013 1019 1102 1068 uero
1111 998 1295 1088 sortunae
1315 999 1529 1070 ducendum
1548 1009 1654 1086 esset,
1675 969 1796 1091 siquis

53 1147 55 1150 ’
173 1161 305 1213 eorum
325 1146 462 1230 posset
491 1129 673 1227 periculo
699 1139 887 1199 auertere.
946 1128 1086 1218 Ljotus
1110 1130 1233 1202 dixit:
1280 1130 1337 1200 Tu
1368 1154 1456 1205 uero
1483 1155 1587 1224 saepe
1615 1128 1798 1200 liberali-

173 1273 271 1343 totis
284 1267 442 1364 egregia
456 1265 687 1335 documenta
704 1259 867 1331 exhibes.
912 1259 1052 1353 Ljotus
1062 1263 1265 1352 confestim
1284 1287 1370 1334 cum
1386 1265 1533 1358 aliquot
1543 1263 1639 1336 uiris
1654 1265 1796 1332 Ottaro

171 1415 344 1500 sequente
367 1423 448 1470 sese
469 1398 512 1468 in
533 1397 638 1468 eiam
657 1394 775 1465 dedit.
831 1393 977 1464 Verum
996 1391 1062 1463 ubi
1079 1395 1135 1463 ad
1152 1419 1304 1466 amnem
1317 1420 1548 1490 pervenere,
1574 1395 1732 1466 Bollius
1748 1413 1797 1461 ac

176 1533 430 1610 Tborsteinus
445 1531 634 1601 acerrime
650 1525 866 1620 conflixere.
925 1527 1018 1596 Tres
1037 1539 1119 1596 tum
1134 1527 1356 1598 Thorsteini
1367 1528 1547 1599 comitum
1559 1528 1793 1600 ceciderant.

172 1671 313 1764 Ljotus
334 1689 422 1736 cum
441 1662 523 1735 suis
548 1659 754 1732 comitibus
780 1629 893 1729 tauto
918 1683 1003 1729 cum
1020 1659 1169 1754 impetu
1189 1660 1385 1755 processit
1411 1661 1514 1730 inter
1540 1661 1793 1754 confligentes

172 1814 217 1872 ut
236 1797 396 1890 uilfere
413 1797 559 1891 efficere
576 1794 738 1888 quirent.
778 1793 884 1862 Tunc
901 1791 1002 1862 dixit
1011 1792 1173 1883 Ljotus:
1196 1791 1261 1865 Ab
1281 1793 1440 1865 inuicem
1457 1795 1649 1888 extemplo
1668 1792 1796 1864 dssce-

172 1935 254 2005 dite
270 1928 401 2028 &jam
417 1930 568 2024 quidem
584 1925 684 1997 satis
695 1927 972 2017 perpetratum
990 1935 1061 1993 est.
1111 1925 1195 2018 Ego
1211 1926 1319 1994 solus
1337 1926 1437 1993 istas
1452 1925 1559 1996 vobis
1577 1925 1667 1996 lites
1687 1924 1796 2014 diju-

170 2064 327 2153 dicabo,
353 2062 451 2158 qvod
466 2060 501 2130 si
512 2055 700 2129 alterutri
716 2067 884 2127 vestrum
902 2054 1012 2124 nobis
1024 2056 1343 2149 pernegaverint,
1360 2057 1452 2127 illos
1470 2081 1540 2127 uos
1555 2057 1793 2128 adoriemur.

173 2199 337 2293 Cumque
353 2189 602 2288 Ljotusodeo
620 2189 817 2259 insisteret
834 2187 990 2274 acriter,
1006 2211 1031 2256 α
1040 2211 1181 2282 pugna
1198 2187 1382 2260 destitere
1409 2186 1446 2260 8<
1476 2191 1626 2287 utrique
1645 2189 1796 2286 quidem

170 2331 289 2426 Ljoto
313 2347 465 2397 caussae
489 2321 701 2394 arbitrium
728 2320 898 2392 detulere
905 2345 920 2410 ,·
958 2319 1016 2388 ita
1042 2321 1300 2392 discedebant.
1368 2322 1621 2395 'I'borsteinus
1641 2323 1795 2391 domum

172 2463 302 2538 rediit.
342 2463 483 2548 Liotus
498 2479 589 2529 vero
605 2452 782 2524 Bellium
797 2476 846 2521 oc
860 2450 971 2521 iilius
986 2452 1143 2524 comites
1161 2455 1217 2524 od
1233 2480 1273 2526 se
1288 2454 1493 2546 incitavit,
1521 2457 1622 2551 qvod
1637 2454 1795 2525 Boilius

171 2597 282 2669 baud
296 2601 537 2688 aspernatus
553 2611 638 2658 cum
655 2585 738 2656 suis
755 2585 915 2678 Djotum
932 2583 1071 2657 Vsttos
1087 2599 1240 2657 secutus
1257 2599 1323 2658 est.
1366 2589 1496 2659 Locus
1509 2589 1576 2658 ubi
1586 2587 1794 2680 conflixere

169 2729 405 2802 Hestnssum
422 2734 584 2797 uocatus
600 2729 668 2792 est.
724 2719 891 2790 Ottarus
899 2718 1236 2790 colonusaBollio
1246 2719 1357 2790 baud
1358 2721 1477 2813 prius
1487 2721 1665 2792 discessit
1674 2741 1791 2814 quom

170 2825 326 2932 domum
351 2880 438 2927 cum
460 2855 578 2948 Ljoto
601 2846 834 2946 perueniret.
901 2848 1059 2920 Bollius
1101 2850 1357 2924 discedentem
1384 2851 1604 2946 magnificis
1630 2849 1796 2924 donavit
1859 2831 1864 2838 ’

169 2989 392 3066 muneribus
419 2983 457 3056 8<
473 3008 552 3081 pro
566 2980 718 3052 auxilio
734 2978 809 3049 sibi
824 2979 908 3050 lato
924 2981 1003 3074 egit
1010 2981 1174 3076 gratias
1192 3007 1372 3082 suamque
1386 2986 1425 3060 ei
1446 2984 1666 3060 amicitiam
1694 3006 1794 3080 pro-

169 3125 290 3199 misit.
355 3123 520 3193 Ottarus
540 3127 623 3188 tum
635 3112 807 3186 Krossas
827 3110 1104 3204 revertebatur,
1129 3115 1341 3214 repetitque
1349 3117 1409 3190 rei
1409 3117 1634 3208 familiaris
1645 3139 1792 3189 curam.

735 3353 867 3443 CAP.
913 3353 1212 3444 LXXXVIII.

367 3486 668 3618 Postpuguam
682 3515 980 3588 Hestnesensem
990 3515 1241 3589 Boliiuscum
1250 3517 1369 3626 Lioto
1378 3519 1515 3592 Vo'llos
1524 3515 1700 3593 omnibus
1710 3517 1792 3588 suis

171 3656 448 3734 comitantibus
464 3657 619 3726 domum
635 3649 844 3746 profectus
863 3662 943 3740 est,·
978 3649 1120 3720 Liotus
1139 3671 1229 3724 cero
1248 3651 1413 3724 vulnera
1430 3677 1565 3724 sorum
1594 3651 1789 3745 deligavit

141 3861 146 3868 ,
171 3818 270 3892 qva,
295 3811 381 3860 cum
396 3785 524 3882 major
535 3783 619 3854 illis
629 3805 725 3853 cura
742 3781 1048 3875 impenderetur,
1075 3779 1152 3850 cito
1169 3797 1316 3856 sancta
1335 3796 1438 3856 sunt.
1483 3785 1560 3858 Ubi
1571 3808 1661 3859 cero
1677 3782 1796 3857 evul-

170 3924 327 3999 ueribus
345 3919 387 3990 in
403 3917 598 4011 integrum
606 3897 699 3984 suut
715 3912 899 4002 restituti,
905 3912 1147 4009 frequentem
1157 3915 1298 3985 Liotus
1308 3919 1536 3991 conuocauit
1548 3927 1790 3988 conuentum.

169 4057 327 4132 Boilius
342 4074 429 4122 cum
446 4049 528 4118 suis
553 4070 644 4142 equo
664 4055 793 4120 uectus
818 4047 874 4116 ad
897 4056 1125 4119 concentum
1154 4046 1409 4120 (lisorsteiuus
1425 4073 1564 4146 qvoqve
1578 4045 1793 4122 Huisensis

172 4217 257 4264 cum
275 4188 357 4259 suis
372 4182 531 4254 aduenit
545 4179 661 4252 sociis
667 4205 682 4272 ,·
719 4183 979 4272 concentuqoe
995 4178 1206 4249 constituto
1222 4179 1363 4251 Liotus
1384 4183 1443 4251 ita
1460 4205 1573 4254 orsus
1584 4194 1658 4274 est3
1683 4177 1796 4251 baud

160 4327 251 4425 jam
269 4315 589 4413 itludjudicium,
614 4313 713 4408 quod
725 4312 828 4382 inter
845 4311 1117 4382 ilborsteinum
1130 4310 1490 4410 Haisensematque
1501 4314 1792 4388 Bellium-ani-

169 4485 233 4531 mo
250 4449 448 4539 constitui,
461 4447 587 4543 eloqui
602 4443 868 4540 supersedebo.
928 4444 980 4515 Id
1001 4443 1100 4514 mibi
1123 4445 1199 4515 erit
1224 4446 1382 4518 initium
1395 4449 1618 4521 sententies:
1651 4447 1789 4544 Helgii

166 4553 511 4691 propterconvitia
521 4591 732 4675 caterisque
742 4603 823 4674 qoae
838 4578 878 4648 iu
887 4577 1064 4649 Bellium
1072 4600 1193 4648 arssus
1210 4590 1270 4649 est
1280 4597 1475 4679 suscepta,
1496 4582 1790 4682 inexpiatacoe·

170 4729 237 4796 des
246 4733 341 4809 esto,
359 4719 386 4787 Ἰ
389 4714 579 4786 borsteini
590 4737 639 4782 ac
648 4710 775 4784 Bollii
783 4714 945 4784 uulnera
957 4710 1233 4806 oeqcipendeo‚·
1260 4711 1393 4786 Trium
1403 4729 1535 4788 autem
1546 4715 1612 4812 qui
1622 4713 1788 4786 cecidere

175 4849 397 4938 Tisorsteini
415 4849 596 4920 comitum
613 4843 765 4918 Bollius
782 4847 922 4918 cosdem
932 4845 1112 4941 pecunia
1120 4846 1290 4939 expiato.
1344 4849 1489 4922 Verum
1503 4844 1788 4946 proptermala

1523 4985 1551 5050 Z
1568 5007 1588 5050 u
