4612 5832
840 493 1060 618 El..

142 746 181 818 in
204 741 355 830 balteo,
389 753 540 814 scutum
557 741 613 814 od
635 742 767 830 latus,
794 762 937 835 corpus
962 741 1087 812 lorica
1110 741 1404 815 circumdatum.
1457 719 1617 817 Hiutus
1634 745 1757 818 dixit.-

136 876 265 950 Aliud
286 872 387 946 milii
406 895 502 943 sane
512 874 651 968 potius
673 876 866 968 agendum
890 873 1086 963 existimo,
1123 901 1234 972 qoam
1249 874 1531 946 Kombsnesum
1542 877 1754 972 proficisci,

132 981 252 1105 pedes
267 1004 466 1100 enimjam
481 1004 580 1074 mihi
590 1003 696 1096 fiunt
709 1006 932 1098 graviores,
963 1031 1095 1078 verum
1118 1020 1247 1078 tamen
1263 1007 1374 1077 haud
1397 1007 1558 1100 potiar,
1588 1019 1631 1076 ut
1651 1007 1752 1078 bona

141 1138 337 1212 Tnorleiki
354 1137 588 1232 rapiantur,
623 1135 658 1205 si
685 1138 741 1206 ad
762 1136 866 1206 illud
883 1140 1133 1208 avertendum
1159 1139 1301 1212 virium
1326 1141 1426 1210 satis
1444 1141 1516 1227 sit,
1557 1141 1631 1210 etsi
1657 1165 1753 1210 oon·

135 1269 416 1364 sanguinitatis
436 1290 548 1338 amor
564 1293 623 1340 me
640 1269 743 1340 intes·
764 1278 876 1361 atqve
898 1267 1143 1340 Thorleikum
1161 1269 1273 1339 houd
1291 1271 1456 1340 multum
1474 1269 1621 1366 quidem
1635 1273 1750 1344 valet.

132 1401 362 1496 Eldgrimus
384 1399 506 1470 dixit:
546 1399 743 1496 Numquid
759 1398 857 1469 mini
874 1423 984 1493 equos
1001 1401 1173 1471 adimere
1193 1403 1234 1471 in
1257 1401 1389 1471 animo
1407 1399 1488 1472 est?
1513 1403 1668 1472 Hrutus
1686 1428 1751 1474 re-

131 1533 315 1630 spondit:
344 1530 462 1606 Alios
483 1531 555 1602 tibi
580 1557 689 1627 equos
714 1531 789 1602 etsi
813 1530 924 1602 haztd
944 1532 1094 1626 quidem
1121 1534 1220 1603 adeo
1236 1545 1477 1627 proestontes
1496 1534 1555 1604 uti
1574 1533 1642 1602 isti
1658 1547 1751 1604 sunt

132 1665 204 1738 tibi
221 1663 395 1756 donabo,
421 1677 466 1738 ut
484 1665 578 1737 istos
595 1689 705 1760 equos
723 1664 913 1736 remittas.
964 1663 1193 1759 Eldgrimus
1217 1665 1340 1736 dixit:
1390 1655 1497 1736 Bene
1515 1667 1660 1761 quidem
1684 1668 1748 1738 lo-

131 1820 261 1895 quere,
285 1797 440 1868 Hrute!
471 1819 601 1872 uerum
625 1808 755 1868 tamen
779 1820 864 1866 oum
879 1796 969 1888 jam
999 1797 1197 1868 Thorleiki
1216 1821 1326 1894 equos
1347 1799 1516 1890 adeptus
1535 1799 1629 1886 sim,
1656 1798 1748 1870 illos

130 1927 228 1997 milii
255 1951 324 1997 neo
353 1929 637 2024 corrumpendo
662 1951 730 2000 neo
754 1929 977 1998 minitando
1001 1926 1248 2023 extorquebis.
1314 1929 1419 1998 Tune
1447 1930 1548 2000 dixit
1569 1930 1748 2002 Hrutus:

128 2057 219 2128 Jam
235 2058 382 2155 quidem
400 2073 437 2131 te
458 2083 546 2132 rear
562 2059 676 2130 illam
696 2058 955 2128 conditionem
979 2059 1141 2154 eligere,
1186 2029 1268 2152 ouoe
1295 2060 1444 2154 utrique
1467 2073 1642 2144 nostrum
1667 2061 1746 2130 mi-

127 2215 202 2261 nus
220 2192 425 2263 conveniet.
470 2193 567 2263 Tum
581 2191 810 2285 Eldgrimus
827 2189 1023 2261 discedere
1037 2189 1134 2261 uelle
1151 2213 1354 2284 equumque
1369 2191 1501 2261 citare.
1553 2193 1635 2279 Qvo
1651 2215 1747 2262 con-

126 2335 280 2416 specta,
311 2322 470 2393 Hrutus
493 2321 653 2394 sublata
676 2323 804 2394 securi
829 2326 928 2394 adeo
948 2321 1197 2418 Eldgrimum
1223 2321 1325 2392 inter
1348 2324 1537 2416 scapulos
1555 2323 1676 2413 feriit
1702 2337 1747 2394 ut

124 2451 250 2548 ruptci
268 2453 415 2549 quidem
433 2451 558 2526 ioriod
568 2455 713 2528 securis
721 2479 798 2551 per
803 2467 944 2550 peetus
959 2453 1128 2524 hominis
1143 2454 1276 2526 exiret.
1338 2454 1432 2524 Tum
1447 2455 1674 2549 Eldgrimus
1696 2455 1745 2527 ab

124 2609 218 2682 equo
244 2599 421 2658 mortuus
444 2588 598 2677 cecidit,
638 2611 707 2660 neo
728 2587 837 2662 iilud
862 2588 1007 2660 mirum
1030 2585 1188 2681 qvi'dsm.
1223 2585 1408 2660 'Deinde
1424 2587 1585 2657 Hrutus
1602 2609 1744 2684 corpus
1848 2655 1851 2662 .

123 2717 293 2796 bominis
311 2717 455 2813 obtegit
460 2743 476 2812 ,·
497 2731 641 2814 postea
659 2720 743 2790 loeo
755 2717 1045 2812 Eidgrimsholt
1064 2715 1278 2812 (Eidgrimi
1293 2713 1514 2812 colliculus)
1532 2741 1690 2806 nomen,
1715 2744 1742 2788 a

122 2849 377 2920 meridionali
394 2847 627 2920 Kumbsnesi
643 2861 776 2942 parte.
816 2849 913 2920 Mox
929 2849 1088 2920 Hrutus
1102 2847 1384 2920 Kambsnesum
1400 2875 1490 2946 equo
1512 2862 1653 2940 neotus,
1680 2853 1743 2922 illi

122 2981 336 3080 quaefacta
352 2990 480 3048 essent
491 2979 730 3048 memoravit.
763 2979 992 3049 Thorieikus
1007 2990 1138 3050 autem
1154 2978 1217 3049 ira
1227 2977 1509 3074 effervescebat,
1527 3007 1743 3080 magnaque

122 3115 201 3184 izaa
211 3136 254 3182 re
262 3135 302 3181 se
311 3105 526 3203 ignominia
536 3107 720 3205 affectum
729 3107 899 3178 rebatur.
913 3105 1071 3176 Hrutus
1082 3130 1121 3176 se
1132 3131 1317 3203 magnum
1327 3111 1392 3180 illi
1404 3112 1620 3184 exhibuisse
1637 3117 1742 3185 omi-

123 3244 229 3314 citioe
247 3244 515 3312 documentum
541 3241 718 3311 credidit.
775 3238 1003 3309 Thorieikus
1028 3250 1231 3334 utrumque
1253 3252 1400 3310 certum
1423 3266 1503 3314 esse
1530 3245 1741 3333 contendit,

124 3371 161 3446 8<
179 3375 279 3470 qvod
300 3373 368 3442 iile
392 3372 503 3441 mala
520 3371 650 3464 suerit
673 3369 886 3440 meditatus
904 3363 943 3439 &
959 3370 1062 3464 quod
1077 3369 1140 3440 itti
1154 3371 1266 3442 haud
1280 3371 1537 3464 bonafutura
1552 3389 1653 3447 esset
1673 3399 1740 3447 re-

124 3505 355 3580 muneratio.
405 3503 565 3575 Hrutus
592 3501 768 3578 illumin
794 3503 877 3597 eJ'us
896 3511 1097 3595 potestate
1106 3501 1297 3593 futuram
1319 3503 1583 3598 confirmavit,
1623 3510 1739 3580 nullo

125 3663 209 3712 oum
235 3635 416 3708 amicitia
438 3636 569 3732 itaque
594 3630 853 3706 discedebant.
918 3631 1076 3706 Hrutus
1105 3645 1194 3707 erat
1221 3637 1421 3731 octoginta
1451 3660 1578 3711 annos
1608 3653 1739 3728 natus,

124 3795 210 3842 cum
225 3768 471 3866 Eldgrimum
490 3766 707 3858 oooidisset;
739 3766 979 3862 multumque
996 3765 1072 3836 hoo
1088 3778 1253 3862 regesta
1272 3768 1384 3838 iliius
1404 3770 1580 3841 adaucto
1593 3771 1739 3864 gloria.

127 3901 332 3973 Thorleiko
357 3901 468 3972 houd
487 3900 611 3994 uisum
637 3909 750 3966 tanto
774 3897 913 3966 melius
932 3897 1061 4007 Hruti
1086 3899 1283 3987 meritum,
1323 3914 1469 3994 quanto
1492 3902 1555 3971 illi
1574 3901 1619 3972 ob
1636 3903 1740 3972 lianc

126 4057 202 4103 rem
214 4045 369 4129 gestam
383 4033 511 4126 major
524 4028 722 4101 attributa
736 4023 826 4119 fuit
845 4030 935 4097 laus
943 4052 958 4117 ,·
986 4029 1028 4096 id
1045 4026 1119 4098 sibi
1133 4031 1233 4098 satis
1250 4043 1487 4124 compertum
1503 4034 1740 4118 autumavit,

125 4167 220 4259 quod
235 4163 482 4260 Eldgrimum
501 4163 585 4259 ipse
601 4171 845 4256 superasset,
868 4181 954 4228 aum
972 4171 1054 4228 tarn
1073 4160 1214 4252 exigua
1233 4160 1273 4231 vi
1289 4173 1389 4231 esset
1405 4173 1556 4232 stratus
1563 4212 1577 4248 ,
1603 4163 1739 4234 sicum

127 4297 194 4368 illo
210 4297 524 4400 uiriumseoisset
538 4295 768 4390 periculum.
809 4291 964 4363 Deinde
989 4290 1216 4362 Thorleikus
1234 4292 1392 4364 clientes
1411 4317 1501 4364 suos
1514 4293 1738 4382 Kotketlum

127 4441 241 4524 atqve
266 4429 446 4502 Grimam
469 4427 663 4516 convenit,
710 4447 845 4521 eosque
869 4423 1027 4518 rogavit
1033 4473 1046 4508 ,
1093 4433 1138 4492 ut
1160 4423 1336 4519 aliquam
1351 4446 1429 4498 rem
1446 4437 1738 4520 perpetrarent,

128 4585 209 4656 qva
221 4563 358 4635 Hruto
375 4560 729 4661 ignominioesoret.
763 4557 869 4630 Lceti
888 4557 950 4626 illi
967 4579 1006 4625 se
1027 4555 1084 4624 ita
1094 4554 1233 4644 facere
1248 4569 1422 4651 paratos
1435 4541 1736 4654 profitebantur.

132 4695 358 4766 Harleikus
372 4696 463 4790 jam
484 4696 638 4766 domum
663 4690 792 4762 rediit.
852 4689 927 4759 Sed
945 4669 1088 4782 paullo
1099 4701 1194 4782 post
1209 4689 1415 4759 Kotkellus
1432 4686 1470 4762 8<
1492 4692 1630 4761 Grimo
1651 4713 1735 4761 cum

121 4827 218 4918 filiis
236 4830 350 4900 domo
364 4827 555 4924 profesti,
585 4837 697 4898 noctu
716 4824 772 4895 ad
788 4821 913 4894 Hruti
935 4822 1071 4897 villam
1083 4843 1315 4916 pervenere,
1344 4819 1396 4890 ibi
1413 4823 1539 4898 multa
1555 4821 1734 4913 veneficia
