4636 5832
975 491 1035 565 53

897 583 1110 600 ῌ--ῃι

196 742 294 812 milti
318 752 376 810 est
400 738 441 808 in
466 735 544 807 ltac
561 748 668 805 terra
695 732 838 821 lueres,
867 745 1018 825 tumque
1036 755 1121 800 mea
1143 731 1241 800 bona
1255 732 1391 798 melius
1409 735 1603 803 collocata
1623 738 1810 830 existimo,

192 871 356 970 quamsi
372 895 397 939 α
411 871 449 942 V
450 868 589 961 igclisoe
597 865 835 960 propinquis
850 865 1003 954 infestis
1014 863 1500 957 unguibusarriperentur.
1535 868 1636 936 IIoec
1659 874 1809 964 quidem

187 1006 325 1098 pactio
343 999 782 1090 abllbskuldaaccepta
794 1008 1009 1091 atqverata
1017 998 1138 1086 sacta
1147 1023 1160 1082 ‚·
1179 996 1392 1065 Mettorta
1401 1021 1489 1065 uero
1502 999 1697 1095 licecoegre
1707 1005 1808 1096 pla-

191 1135 346 1222 cebant,
388 1157 481 1204 num
505 1130 633 1199 minus
654 1127 868 1218 honorifica
887 1127 970 1217 filii
1001 1129 1179 1196 educatio
1200 1129 1296 1198 cisa.
1349 1128 1709 1202 Hosl'nldnsillam
1722 1160 1808 1229 pa-
1853 1153 1858 1160 ’

191 1287 278 1336 rum
293 1266 385 1360 qvid
402 1290 421 1333 e
437 1287 479 1332 re
492 1275 591 1332 esset
605 1283 743 1352 sapere
759 1261 956 1329 contendit
961 1285 975 1350 ,·
999 1260 1194 1328 Tltordum
1213 1257 1313 1326 enim
1324 1281 1404 1326 esse
1422 1261 1547 1330 virum
1562 1269 1808 1361 exactcejam

135 1393 141 1400 ’
191 1398 327 1466 aetcetis
343 1395 542 1486 liberisque
564 1391 708 1480 orbum,
736 1418 775 1460 se
790 1404 921 1460 autern
933 1391 1052 1480 Olnso
1067 1390 1285 1460 destinasse
1303 1413 1430 1458 omnes
1449 1415 1539 1483 opes
1553 1398 1806 1486 post-Thordi

189 1530 370 1612 mortem,
411 1525 524 1592 illum
548 1547 636 1593 vero
651 1521 786 1613 fllium
812 1525 965 1616 quando
986 1523 1132 1594 luberet
1151 1522 1493 1614 convenireposse.
1556 1527 1650 1595 Tum
1678 1529 1804 1600 leor-

189 1661 262 1728 ‹lus
282 1658 449 1727 Olavum
472 1668 693 1747 septennem
703 1655 793 1745 jam
816 1653 966 1744 excepit
990 1677 1144 1746 euntque
1169 1654 1305 1722 intimo
1325 1677 1456 1721 amore
1476 1656 1676 1750 diligebat.
1715 1662 1805 1730 Hoc

192 1791 247 1859 ad
270 1789 359 1858 illos
387 1788 490 1858 ciros
513 1789 688 1855 delatum
713 1799 781 1873 est,
809 1785 873 1878 qui
899 1809 984 1852 cum
1007 1785 1160 1854 Tlrordo
1181 1787 1333 1854 Goddio
1350 1788 1437 1856 lites
1455 1800 1626 1880 agerent,
1643 1793 1805 1886 jamque

191 1943 389 2012 reposcere
410 1919 618 2011 pecuniam
644 1914 850 2008 aliquanto
876 1939 990 2011 qvam
1012 1929 1130 1984 antea
1163 1916 1289 1986 risum
1316 1919 1522 2012 difficilius.
1576 1895 1804 1992 llbsbuldzrs

195 2051 348 2120 Titordc
377 2050 705 2142 Gelleroegregia
730 2048 836 2116 misit
869 2069 1030 2114 munera
1058 2049 1246 2140 simulque
1275 2050 1451 2139 rogavit,
1493 2077 1539 2126 ne
1570 2051 1642 2120 sibi
1674 2053 1718 2121 ob
1743 2079 1802 2142 ea,

191 2187 274 2276 'qvce
287 2183 409 2270 sacto
435 2193 573 2261 essent,
597 2179 909 2262 succenderetur,
944 2189 1082 2247 contra
1114 2179 1309 2248 Tbcrdum
1323 2181 1416 2270 jure
1443 2182 1627 2272 grassari
1643 2207 1720 2252 non
1747 2186 1801 2252 li-

192 2336 272 2382 cere
299 2315 355 2380 acl
376 2311 589 2404 pecuniam
615 2311 934 2401 resposcendom,·
972 2311 1015 2382 V
1012 2309 1180 2403 igdisam
1200 2311 1352 2378 nullam
1370 2332 1500 2378 ueram
1523 2314 1694 2405 culpam,
1719 2341 1803 2410 qva?

189 2443 379 2537 sufficiens
405 2455 503 2515 esset
530 2442 692 2514 divortii
709 2465 863 2530 caussa,
890 2443 1002 2532 apud
1027 2441 1222 2511 Tliordurn
1254 2442 1463 2534 reperisse,
1504 2467 1572 2512 nec
1606 2445 1802 2516 Tleordurn
1900 2477 1904 2484 ·

169 2569 235 2647 'cb
259 2577 302 2645 id
323 2575 447 2672 cirum
469 2574 597 2642 minus
620 2573 823 2644 honestum
845 2570 1065 2642 babendum
1083 2598 1162 2644 esse
1189 2573 1398 2656 contendit,
1419 2574 1452 2640 si
1471 2575 1673 2644 consilium
1693 2603 1800 2672 qvae-

189 2719 312 2795 reret,
343 2709 398 2776 ad
416 2705 677 2797 ablegandum
695 2707 830 2790 uirum,
854 2705 918 2799 qvi
936 2705 1045 2771 illius
1062 2706 1187 2774 solum
1204 2704 1340 2798 opibus
1359 2720 1656 2795 sustentaretur,
1682 2713 1801 2804 etqui

188 2849 288 2908 esset
305 2838 453 2905 cinctus
471 2837 609 2928 culpis,
637 2835 696 2902 uti
713 2837 853 2924 frutex
868 2835 1050 2927 juniperi
1075 2837 1222 2905 aculeis
1248 2833 1411 2930 (obsitus
1427 2839 1508 2932 est).
1561 2843 1642 2911 Hic
1669 2855 1800 2912 antem
1855 2843 1860 2852 ’

184 2965 387 3038 Hoslculdi
417 2967 576 3032 nuntius
602 2965 803 3032 sintulcum
828 2964 982 3054 magnis
1005 2965 1227 3033 muneribus
1252 2991 1336 3034 crem
1361 2973 1416 3038 ad
1435 2973 1631 3042 Tbcrdum
1652 2999 1798 3068 perre-

189 3098 313 3182 niret,
344 3095 378 3163 T
375 3093 522 3163 liordus
541 3093 718 3166 Gellerus
744 3117 840 3160 sane
854 3093 1080 3182 mitigatus,
1099 3095 1219 3178 dixit,
1247 3098 1420 3166 seillam
1439 3107 1661 3192 pecuniam,
1684 3132 1799 3198 qvam

187 3226 417 3299 Hiiskuldus
445 3235 662 3309 tutaretur,
690 3223 780 3292 bene
801 3224 972 3320 locatam
1001 3223 1235 3312 existimare,
1265 3235 1415 3319 tumque
1433 3253 1594 3300 munera
1624 3237 1797 3328 accepit,

190 3357 326 3427 deinde
354 3380 415 3424 res
440 3357 497 3422 ad
525 3355 723 3420 silentium
749 3355 909 3422 reducta
930 3366 980 3420 ·et
994 3353 1268 3441 familiaritas
1295 3355 1501 3448 aliquanto
1520 3364 1647 3432 evasit
1669 3364 1798 3454 insre-

190 3488 373 3584 qverrtior.
447 3485 537 3554 Jam
570 3484 718 3553 Olavus
749 3487 860 3575 apud
894 3483 1089 3552 Tltordum
1119 3475 1314 3570 Gaddium
1349 3489 1591 3581 adolescens,
1643 3519 1797 3588 magnae

158 3648 161 3659 ⁴
189 3631 355 3688 staturae
380 3618 441 3686 cir
465 3629 579 3711 atqve
609 3613 788 3686 robustus
809 3613 951 3704 factus
985 3627 1061 3697 est,
1101 3612 1138 3685 8<
1172 3628 1326 3686 tantum
1357 3636 1559 3694 versustute
1588 3629 1797 3698 excellebat

189 3763 236 3819 ut
269 3750 331 3816 illi
363 3749 502 3816 similis
535 3773 644 3818 nemo
679 3748 928 3816 inveniretur.
1006 3746 1222 3816 Duodecim
1252 3773 1377 3818 annos
1409 3767 1528 3823 natus
1552 3759 1608 3825 ad
1630 3758 1793 3828 Comitia

188 3879 424 3976 (generalia)
449 3902 541 3972 equo
572 3891 702 3949 nectus
723 3890 801 3960 est,
846 3875 884 3946 &
908 3890 989 3946 tum
1017 3879 1168 3972 quidem
1198 3879 1371 3950 ltornines
1399 3909 1445 3952 es
1474 3887 1794 3982 dirersis1·egio-'·

188 4009 303 4080 nibus
347 4013 611 4094 conuenientes
657 4021 721 4076 sut
756 4009 891 4102 magni
925 4008 1107 4078 momenti
1145 4013 1302 4104 negotia
1342 4037 1381 4080 se
1415 4021 1613 4111 peregisse
1650 4019 1794 4089 reban-

189 4155 266 4230 tur,
294 4141 329 4208 si
352 4143 511 4233 juvenis
529 4139 812 4234 praetentione
830 4139 979 4228 formae
1006 4140 1202 4208 admirari
1228 4144 1484 4236 contingeret,
1522 4151 1663 4218 similis
1698 4177 1795 4246 qoo-

189 4296 258 4366 qve
271 4284 360 4340 erat
380 4275 504 4343 Olavo
528 4297 725 4342 armorum
748 4283 863 4366 atqve
883 4271 1193 4342 vestimentorum
1218 4272 1424 4365 splendor,
1460 4279 1614 4376 ideoqve
1632 4283 1672 4350 in
1689 4285 1796 4352 mul„

189 4401 357 4554 ‘nadib‘
384 4403 581 4474 bominum
605 4385 735 4494 facile
766 4402 1004 4472 noscebatur.
1084 4405 1183 4472 Post
1219 4404 1428 4475 adrentum
1462 4412 1597 4496 Olavi,
1648 4414 1817 4484 Tirordi·

191 4532 335 4602 chdrs
354 4537 523 4606 conditio
539 4537 703 4604 multum
730 4535 770 4603 in
794 4535 931 4606 melius
947 4533 1186 4607 mutabatur.
1246 4536 1473 4608 Hbslruldus
1479 4539 1571 4633 filio
1588 4570 1793 4640 cognomen

190 4663 335 4734 indidit
355 4653 469 4762 atque
486 4669 640 4740 vocavit
663 4668 774 4736 illum
789 4671 851 4738 Po
869 4662 911 4762 (i.
929 4691 957 4737 e·
972 4661 1229 4764 pavonem&
1252 4669 1294 4740 id
1306 4669 1454 4764 quidem
1465 4679 1628 4752 retinuit
1645 4701 1793 4760 nomen,
