4612 5832
910 467 1003 548 135

156 745 243 796 nom
259 715 510 806 consultatio,
528 727 570 785 et
587 737 681 786 oona
696 716 769 786 iiio
787 715 898 786 baud
915 739 1019 810 coquo
1036 716 1457 811 unimolrompertulit5
1484 717 1613 790 onmia
1633 731 1762 790 tamen

156 854 290 950 quieta.
328 848 524 942 Nuptiole
539 847 762 938 convivium,
787 861 830 917 ut
851 850 1074 941 Garpsdobi
1086 847 1214 944 fieret,
1228 873 1367 936 meare,
1391 875 1493 945 quem
1510 853 1763 924 tvimanudum

155 985 391 1080 (aquintum
410 981 563 1050 aestatis
576 977 756 1074 mensem)
779 993 941 1068 vocant,
974 983 1221 1054 destinatum.
1278 985 1470 1056 Gudruna
1495 983 1762 1055 Tborvaldum

154 1117 260 1186 baud
271 1116 437 1187 multum
454 1111 662 1206 diligebat,
688 1113 730 1181 iu
744 1110 953 1204 poscendis
964 1097 1244 1206 pretiosissuit
1259 1119 1421 1186 molesta
1430 1169 1443 1206 ,
1473 1141 1540 1187 nec
1555 1091 1639 1184 ulla
1656 1116 1761 1184 tanti

149 1245 271 1342 pretii
303 1245 344 1314 in
375 1244 606 1314 occidentali
637 1243 974 1336 Isiondiceporte
991 1244 1304 1338 reperiebantur,
1348 1261 1392 1322 ut
1409 1252 1602 1318 Guclruua
1622 1248 1695 1316 illa
1722 1272 1762 1316 oe

148 1377 351 1474 possidere
365 1378 475 1449 bceud
490 1401 636 1473 aquam
653 1389 823 1460 reretur,
862 1387 900 1446 et
928 1375 1149 1448 Tboruuido
1175 1403 1214 1448 se
1238 1403 1331 1449 sune
1355 1349 1552 1449 inimicam
1576 1377 1759 1464 exhibuit,

153 1513 188 1582 si
206 1512 273 1580 ille
291 1507 443 1578 cimelio
470 1530 548 1577 uon
572 1507 804 1602 adquirebat
820 1508 1019 1604 quantouis
1040 1513 1265 1580 constantia
1280 1512 1424 1604 pretia.
1482 1511 1660 1580 Tburduo
1685 1511 1758 1580 In-

148 1639 411 1738 guumufilius
429 1662 514 1710 cum
527 1637 748 1712 Tborualdo
767 1641 1086 1735 atqveGudruna
1104 1642 1284 1714 licentius
1301 1656 1550 1716 conversatus
1568 1644 1680 1736 opud
1695 1665 1758 1712 eoo

150 1776 312 1846 multum
330 1770 659 1862 commorabatur,
684 1774 866 1866 multique
882 1773 1051 1866 dispersi
1067 1799 1257 1846 sermones
1275 1777 1322 1848 de
1345 1777 1491 1849 Tbordi
1504 1772 1542 1846 8<
1558 1777 1760 1848 Gudrurzoe

150 1907 357 1978 amoribus.
407 1903 584 1992 Quadam
602 1904 681 1976 vioe
697 1906 861 1990 oceidit,
888 1916 931 1974 ut
943 1907 1136 1978 Gudruua
1152 1909 1412 1979 Tborvaldum
1431 1920 1601 2004 rogaret,
1627 1920 1670 1976 ut
1687 1905 1760 1976 sibi

147 2041 323 2136 pretioso
341 2050 489 2108 emeret.
550 2037 795 2109 Tborvaiduo
813 2037 965 2106 nullam
985 2038 1049 2106 illi
1068 2039 1189 2109 inesse
1207 2040 1436 2108 modestiam
1455 2038 1683 2138 querebatur
1699 2040 1756 2136 ei-

149 2197 217 2267 que
232 2169 612 2264 colaphum-incutit.
653 2136 758 2238 Tunc
778 2167 982 2238 Gudruna.
1014 2167 1116 2257 dam,
1138 2169 1271 2264 iuquit,
1292 2170 1388 2240 mibi
1407 2171 1510 2240 illud
1527 2173 1627 2240 douo
1645 2172 1758 2239 dedi-

147 2304 212 2388 sti,
241 2303 338 2396 quod
352 2299 618 2402 noomuiiereo
633 2312 780 2370 notura
798 2297 908 2369 uobis
926 2297 1049 2370 inesse
1062 2303 1227 2373 muitum
1246 2303 1440 2391 icebantur,
1466 2302 1538 2372 boo
1552 2315 1681 2372 autem
1700 2313 1758 2372 eet

140 2433 314 2530 pulcher
325 2429 451 2518 faciei
466 2431 609 2517 color„
622 2443 660 2500 et
681 2432 758 2501 irae
778 2431 925 2526 quidem
949 2455 990 2503 re
1011 2455 1070 2504 me
1089 2455 1184 2503 eane
1202 2433 1369 2504 docuisti
1392 2457 1438 2504 ne
1461 2433 1531 2504 tibi
1548 2433 1757 2528 rogitando

144 2567 312 2636 muttum
329 2589 447 2635 essem
467 2563 641 2634 molesta.
664 2563 811 2636 Eodem
828 2587 984 2658 vespere
997 2564 1175 2636 Tbordut'
1187 2589 1230 2636 eo
1244 2567 1360 2654 uruit,
1377 2567 1441 2636 illi
1454 2569 1647 2638 Gudruna
1659 2565 1758 2636 illo-

145 2695 323 2784 tomeibi
337 2696 524 2788 iujuriam
539 2695 782 2802 memorauit,
804 2698 1028 2791 rogavitque
1046 2721 1117 2792 qvo
1132 2710 1253 2790 puoto
1270 2699 1403 2768 eadem
1422 2697 1496 2768 ribi
1511 2710 1609 2770 esset
1623 2696 1758 2769 vindi·
1884 2781 1887 2788 .

144 2832 289 2900 cauda.
321 2827 498 2897 Thordue
512 2829 613 2898 dixit
629 2825 846 2896 subridens:
866 2827 1305 2900 Proeotarzoadboeoocio
1320 2830 1536 2908 consilium:
1553 2828 1759 2907 Induoium
1815 2911 1817 2918 Ι

122 2959 381 3050 illisaciae,
412 2971 527 3054 atqve
543 2945 793 3058 aperturam,
822 2981 1026 3050 perquam
1046 2972 1169 3052 caput
1189 2963 1489 3055 transmittitur,
1521 2961 1619 3030 adeo
1642 2985 1758 3082 mag-

141 3115 252 3178 uam,
274 3101 318 3158 ut
328 3089 536 3159 divortium
546 3089 608 3157 iili
617 3087 820 3157 declarare
829 3089 961 3181 possis
976 3101 1126 3180 tumque
1139 3083 1242 3157 itanu
1253 3090 1297 3159 ob
1308 3113 1468 3160 causam
1482 3091 1532 3160 ab
1545 3093 1614 3160 illo
1626 3093 1756 3160 abeas.

142 3227 186 3294 H
189 3224 224 3292 is
235 3221 428 3292 Gudruna
446 3243 523 3290 non
537 3219 820 3292 adversabatur
825 3245 839 3308 ,·
860 3221 918 3288 ita
933 3244 1063 3289 eorum
1078 3186 1358 3312 bermofluitus.
1385 3218 1529 3292 Eodem
1546 3245 1629 3293 vere
1643 3223 1756 3292 Gud-

143 3379 249 3426 runa
264 3353 488 3422 Tborvaldo
503 3353 545 3422 di
550 3351 716 3422 vortium
730 3353 957 3439 declaravit,
971 3348 1206 3445 Laugaoqae
1221 3354 1374 3423 domum
1390 3355 1519 3424 rediit.
1546 3353 1640 3425 Tum
1658 3353 1760 3422 iuter

143 3491 262 3576 illam
279 3497 394 3578 atqve
415 3484 682 3554 Tborualdum
700 3483 840 3553 divisoe
855 3509 965 3578 opes,
999 3496 1114 3576 atqve
1130 3483 1203 3552 illa
1222 3483 1342 3554 totius
1355 3487 1535 3580 pecuniae
1553 3485 1758 3555 dimidium

143 3631 281 3708 nacta,
305 3611 344 3687 8<
356 3617 542 3712 majorem
558 3616 747 3708 oaaejam
754 3665 767 3702 ,
800 3639 915 3709 qaam
929 3627 1048 3686 antea
1064 3613 1279 3708 babuerat,
1299 3619 1511 3710 pecuniam
1531 3618 1758 3712 reportavit.

139 3754 259 3842 Duos
284 3750 357 3818 iila
378 3772 504 3819 aanor
531 3773 616 3819 cum
642 3747 865 3832 Tborualdo
885 3746 1025 3839 suerat
1048 3748 1266 3844 conjuncta.
1291 3751 1435 3824 Eodem
1461 3776 1548 3824 vere
1576 3752 1760 3844 Iugunna

137 3881 355 3982 praedium,
372 3882 472 3975 qvod
480 3853 793 3973 'inKrobfibrdo
811 3879 1005 3949 habuerat
1019 3883 1189 3976 quodque
1199 3893 1340 3974 postea
1356 3882 1671 3978 Ingaunarotadi
1687 3905 1758 3950 νο-

143 4029 281 4086 catum
299 3989 367 4100 est,¹
390 4011 574 4084 uendidit.
616 4005 927 4105 quaquaversus
944 4013 1174 4081 occidentem
1191 4011 1231 4079 in
1247 4011 1564 4084 Skalmaruesum
1574 4011 1759 4105 prosecta

143 4161 212 4218 est.
247 4129 370 4217 Iliam
389 4133 554 4215 Glumus
573 4133 804 4236 Geirifllius
820 4142 861 4212 in
877 4144 1127 4212 matrimonio
1146 4139 1340 4213 babuerat
1354 4147 1413 4214 uti
1428 4159 1547 4217 antea
1564 4159 1759 4214 memoro-

144 4293 229 4350 tum
248 4289 317 4350 est.
370 4276 460 4346 Hae
482 4283 652 4372 tempore
668 4274 920 4344 Haut-tetam
934 4273 1117 4365 Pontifex
1130 4273 1440 4347 Hailsteiuoaesi
1457 4277 1506 4348 ab
1527 4276 1760 4347 occidentali

139 4424 264 4504 parto
288 4408 586 4504 Thorobaffibrdi
602 4405 821 4492 habitabat.
874 4409 1020 4478 Potens
1040 4407 1108 4476 ille
1124 4407 1186 4479 uir
1207 4417 1323 4501 atque
1333 4408 1493 4501 pollens
1508 4401 1699 4480 amicitia.

625 4627 629 4632 ·
706 4571 710 4578 ’
754 4593 898 4695 ιιι).
936 4608 1133 4696 xxxv.

283 4779 339 4876 V
337 4813 372 4880 ir·
386 4807 748 4880 uomineKotkeiiuo
761 4817 841 4873 tum
848 4805 1141 4898 pauloautead
1149 4805 1370 4878 Iolundiam
1381 4821 1623 4900 peruenerat.
1655 4805 1760 4874 Uxor

144 4945 207 5012 ilii
220 4943 374 5012 Grima.
412 4938 592 5032 Iliiofilii
606 4936 867 5025 Hullbjbruus
880 4937 1206 5030 Slikisteirrsauga
1223 4921 1432 5032 (Foramen
1452 4941 1547 5008 cotis
1565 4927 1757 5023 rotatilis)
