4590 5844
844 449 1063 618 ess...

144 757 279 830 balteo⁴
292 764 487 849 argenteo.
543 747 740 823 Gudruna
768 745 814 818 in
832 751 992 818 scamno
1014 743 1127 840 apud
1145 767 1229 816 enm
1246 744 1428 816 consedit.
1473 734 1476 742 ’
1496 743 1602 818 Tunc
1627 739 1757 828 Thor-

141 888 345 986 gilsusita
365 875 526 958 occinit:
589 853 594 862 Ι
740 871 746 890 ’
978 877 981 884 ’

537 1013 728 1108 Hetgium
745 1013 850 1084 domi
877 1010 1079 1083 inrasmus
1128 1029 1132 1036 ·

541 1146 661 1220 Corvo
678 1146 943 1224 devorandum
964 1136 1173 1214 obtulimus
1189 1143 1379 1230 cadaver,-

542 1269 993 1369 Pulchrerubffecimns,
1021 1274 1234 1347 bellatores¹

544 1411 792 1484 Thorieikum
819 1407 1010 1481 comitati.
1123 1484 1125 1488 ,

406 1537 410 1547 “
468 1554 472 1568 ’
533 1545 643 1616 'Tru
660 1541 943 1618 ibi‘etraoimus
1100 1623 1104 1630 .

544 1673 599 1750 Et
611 1688 854 1772 praetentas
867 1675 1018 1772 qoidem
1037 1695 1167 1746 omnes

538 1807 601 1881 Ao
616 1810 762 1880 milites
789 1806 880 1879 bene
892 1806 1056 1900 peritos.

538 1941 605 2010 Ita
623 1941 751 2011 Boliii
766 1962 898 2022 remur
911 1936 1154 2036 vindicatam
1173 1940 1328 2008 ooedem.

147 2079 243 2151 Tum
254 2077 447 2150 Gudruna
464 2063 545 2170 qooe
561 2074 602 2144 in
620 2096 752 2146 eorum
771 2074 910 2175 itinere
923 2037 1182 2167 essenig'esto,
1197 2083 1331 2144 exacte
1345 2063 1509 2166 rogavit.
1566 2075 1754 2172 Tisargil-

139 2235 206 2281 sus
218 2211 272 2280 ad
286 2206 429 2304 rogato
440 2208 590 2302 quidem
599 2207 812 2302 respondit.
849 2205 1043 2308 Gudruna
1053 2203 1337 2297 expeditionem
1345 2203 1448 2280 hanc
1459 2219 1600 2317 optata
1614 2211 1755 2280 celeri-

143 2356 227 2413 tate
238 2342 394 2414 cessisse
407 2331 663 2434 confirmarit,
688 2339 840 2436 illisqoe
850 2362 930 2440 pro
947 2337 1080 2410 eadem
1092 2334 1172 2431 egit
1178 2338 1350 2432 gratias.
1374 2342 1519 2411 Postea
1535 2367 1655 2413 coena
1673 2343 1755 2411 illis

142 2475 339 2546 instructa
364 2486 433 2562 est,
460 2497 613 2570 cumqoe
627 2473 757 2577 saturi
777 2480 902 2544 essent
918 2473 974 2541 ad
996 2443 1253 2540 cuiibiculam
1270 2441 1437 2558 deducti,
1468 2469 1506 2544 8(
1520 2474 1667 2568 qvidem
1682 2468 1758 2571 pei

142 2619 292 2678 noctem
322 2604 577 2676 dormiebant.
635 2605 820 2699 Seqoente
846 2601 908 2674 die
936 2601 1165 2695 Tisorgilsus
1186 2602 1419 2674 Gudrunam
1445 2605 1503 2674 ita
1521 2601 1757 2701 alloqvitur‘:

141 2743 221 2813 Res
238 2739 387 2834 qoidem
406 2737 464 2807 ita
481 2749 716 2830 comparata
733 2748 811 2825 est,
837 2735 897 2806 uti
913 2733 984 2805 tibi
1001 2746 1136 2806 notum
1149 2747 1226 2820 est,
1254 2737 1446 2808 Gudruna
1458 2739 1473 2806 !
1496 2739 1593 2834 qvod
1606 2763 1674 2832 ego
1687 2743 1760 2809 ess-'i

136 2840 379 2966 pedition'em
391 2869 556 2961 perfeci,
574 2890 686 2965 qoam
706 2881 748 2937 ta
764 2833 900 2938 memet
909 2865 1096 2960 perficere
1116 2863 1315 2965 rogasti&
1330 2870 1481 2963 quidem
1499 2895 1612 2964 spero
1623 2873 1759 2942 memet

141 3016 299 3074 strenue
319 3001 421 3070 hunc
448 2969 621 3071 laborem
638 2999 889 3095 transegisse,
915 2991 954 3069 8<
971 2999 1228 3104 terecordori'
1247 3001 1398 3096 qualem
1416 3001 1514 3073 milii
1525 3004 1759 3096 promiseris

139 3132 511 3222 remunerationem,
535 3131 639 3205 hanc
656 3153 715 3205 me
733 3132 821 3223 iam
843 3131 1026 3202 meruisse
1051 3129 1237 3200 arbitror.
1295 3133 1402 3204 Tunc
1417 3133 1519 3204 dixit
1538 3135 1757 3204 Gudruna:

141 3269 254 3341 houd
273 3278 428 3339 tantum
449 3255 761 3362 praeterlapsum
780 3263 966 3358 temporis
978 3275 1037 3334 est
1046 3274 1142 3358 post
1154 3237 1329 3336 nostrum
1343 3266 1596 3364 colloquium,
1621 3279 1665 3336 ut
1686 3265 1758 3335 izoc

140 3401 240 3474 milii
256 3399 445 3472 exciderit
470 3397 681 3489 memoria,
717 3393 755 3468 8<
774 3411 920 3470 certum
935 3381 1121 3469 constitui
1137 3397 1312 3469 omnibus
1331 3423 1416 3488 cum
1437 3411 1473 3471 te
1486 3399 1620 3497 pactis
1637 3382 1757 3490 stare}

143 3544 279 3608 vetum
302 3527 485 3629 q'oomodo
509 3531 612 3604 inter
634 3555 706 3605 nos
723 3544 891 3627 pactum
913 3554 992 3600 esse
1010 3528 1082 3600 tibi
1105 3529 1293 3603 videtur?
1331 3533 1561 3629 Thorgilsus
1581 3557 1666 3602 eom
1685 3531 1758 3604 hoc

142 3665 346 3742 recordari
364 3689 403 3735 se
418 3665 571 3736 credere
584 3633 812 3760 affirmavit.
866 3665 1060 3735 Gudruna
1078 3665 1304 3761 respondit:
1324 3679 1486 3738 autumo
1500 3691 1559 3738 me
1576 3661 1646 3736 tibi
1657 3663 1760 3760 prol·

141 3763 711 3890 misissenullumproeterteiu
720 3795 1349 3891 hacterraproesentemmaritum
1359 3811 1576 3893 acceptare.
1602 3765 1762 3894 Anqoid

143 3931 267 4004 habes
293 3940 432 4000 contra
447 3929 536 4000 uec
556 3921 789 3999 dicendam?
816 3928 1048 4022 Thorgilsus
1066 3942 1169 4000 recte
1195 3955 1281 4024 eam
1299 3925 1501 4001 recordari
1515 3950 1518 3963 ·
1530 3909 1760 4024 affirmavit,-

144 4065 345 4137 benetune
363 4073 433 4146 est,
459 4059 588 4156 inquit
607 4061 813 4149 Gudruno,
840 4061 991 4154 qvando
1008 4062 1204 4156 utriusqoe
1219 4069 1395 4132 nostrum
1414 4064 1599 4132 memoria
1622 4063 1698 4132 isac
1714 4063 1761 4132 de

145 4222 187 4268 re
204 4197 337 4268 eadem
351 4193 484 4288 refert.
539 4193 619 4265 Nec
639 4205 675 4264 te
690 4191 762 4264 ltoc
779 4193 953 4287 amplius
963 4183 1090 4264 celare
1104 4195 1231 4288 cupio,
1257 4196 1359 4291 qood
1374 4193 1484 4265 haud
1490 4163 1702 4286 fortunam
1721 4197 1763 4267 id

146 4333 323 4402 laturam
338 4353 420 4400 esse
436 4311 606 4422 sperem,
640 4340 685 4398 ut
704 4351 772 4420 ego
794 4339 863 4397 tua
877 4323 973 4418 fiam
988 4351 1087 4398 uxor
1092 4377 1104 4411 ,
1131 4324 1170 4399 ἃ
1185 4351 1279 4399 sane
1298 4297 1614 4400 omnibus'tecum
1627 4330 1762 4424 pactis

145 4489 194 4533 oc
239 4463 356 4534 dictis
395 4433 503 4534 stare
541 4435 678 4531 memet
712 4471 896 4546 autumo,
937 4461 1011 4530 etsi
1043 4455 1272 4547 Tnorketlo,
1320 4459 1452 4557 Eyolfi
1483 4459 1592 4554 filio,
1641 4463 1762 4534 nube-

146 4619 237 4680 rem.
308 4594 384 4666 tlte
419 4595 523 4666 enim
559 4595 636 4664 isac
675 4594 717 4665 in
756 4607 865 4663 terra
901 4593 1011 4663 naua
1047 4595 1171 4664 adest.
1244 4593 1473 4690 Thorgils'us
1518 4596 1620 4668 dixit
1654 4597 1761 4668 mol-

146 4742 227 4798 tum
251 4727 492 4800 erubescens:
526 4729 618 4800 bene
639 4727 841 4822 perspicio
871 4727 1061 4796 andeleio
1080 4727 1232 4822 fluetus
1261 4741 1387 4800 ortum
1407 4705 1565 4818 traltat5
1602 4730 1759 4800 inimica

143 4862 241 4932 mini
266 4863 368 4934 enim
389 4886 494 4957 scepe
524 4862 691 4936 consilia
720 4862 810 4930 inde
835 4874 934 4932 nota
958 4873 1069 4949 sunt,
1100 4887 1192 4934 nam
1208 4888 1232 4932 a
1251 4865 1445 4934 Snorrone
1461 4863 1654 4935 Antistite
1683 4865 1761 4932 ista
