4636 5832
869 483 1072 604 *ss-

809 719 940 826 cAP.
984 738 1142 864 nvn.v

364 897 443 1001 De
460 925 638 1023 Hrappo
651 939 905 998 memoratam
913 978 927 1016 ,
976 929 1077 1024 qood
1105 928 1172 999 ille
1176 931 1267 1024 jam
1283 929 1352 1018 iis,
1380 929 1444 1025 qvi
1461 930 1616 1024 negotia
1636 933 1772 1028 aliqva

168 1085 252 1135 cum
275 1085 319 1134 eo
342 1060 542 1147 nuberent,
568 1060 737 1156 iniquior
747 1057 842 1151 fieri
860 1054 897 1127 8<
915 1060 1072 1128 accolas
1089 1061 1214 1132 tantis
1237 1062 1388 1155 afficere
1410 1061 1579 1155 injuriis,
1603 1077 1647 1132 ut
1669 1089 1772 1160 aegre

166 1216 260 1264 suas
274 1216 336 1266 res
351 1194 402 1264 ab
417 1194 528 1264 iilius
546 1191 777 1286 impotentia
793 1190 995 1262 uindicare
1005 1189 1189 1261 valerent.
1242 1196 1456 1287 Postquam
1470 1195 1545 1264 Oia
1552 1216 1619 1262 vus
1635 1195 1773 1266 adole-

164 1324 243 1408 vit,
283 1325 482 1420 Hrappus
520 1346 717 1419 nunquam
754 1335 894 1392 nactus
928 1334 985 1393 est
1017 1323 1256 1392 occasionem
1289 1325 1484 1394 Thordum
1513 1326 1770 1417 opprimendi.

160 1456 340 1548 Hrappo
362 1479 469 1524 mens
495 1455 645 1550 quidem
675 1455 882 1523 immutata
908 1454 976 1524 sed
1006 1451 1124 1524 robur
1158 1454 1369 1542 minutum,
1412 1478 1505 1524 nam
1527 1457 1624 1525 adeo
1652 1480 1770 1552 urge-

163 1583 233 1654 bat
263 1598 436 1657 senectus
463 1600 509 1656 ut
542 1588 583 1656 in
614 1587 712 1658 lecto
739 1609 779 1654 se
810 1586 1006 1656 continere
1033 1599 1242 1680 cogeretur.
1312 1575 1408 1656 Tum
1439 1588 1638 1680 Hrappus
1669 1612 1769 1659 uxo-

161 1737 243 1788 rem
273 1718 315 1789 V
312 1717 481 1811 igdisam
502 1721 557 1788 ad
575 1743 614 1790 se
631 1730 811 1791 occatam
829 1717 887 1788 ito
907 1717 1198 1813 alloquebatur:
1224 1740 1303 1786 non
1318 1717 1506 1788 hactenus
1520 1741 1605 1788 cum
1625 1719 1769 1789 morbis

161 1871 246 1918 sum
292 1849 540 1942 conflictatus
586 1846 625 1926 δε
666 1848 992 1922 verisimillimum
1041 1849 1196 1920 videtur
1238 1847 1342 1919 hunc
1373 1847 1547 1918 morbum
1594 1863 1770 1922 nostram

162 1982 473 2052 consuetudinem
499 2009 579 2054 esse
600 1983 874 2070 diremturum,
909 2003 1040 2052 aerum
1072 1981 1228 2074 qvando
1255 1979 1355 2050 diem
1379 1980 1526 2072 obiero,
1547 1983 1770 2075 postulout

159 2109 349 2203 milcifiat
378 2115 599 2208 sepulcrum
615 2115 655 2183 in
673 2111 835 2202 foribus
853 2113 996 2182 culina
1021 2123 1137 2206 atqve
1160 2123 1205 2179 ut
1232 2122 1344 2180 stans
1371 2111 1412 2180 in
1438 2111 1686 2202 iliissoribus
1704 2139 1767 2184 se·

154 2243 309 2335 peirac,
350 2243 407 2313 ita
438 2243 539 2315 enim
569 2245 668 2315 mini
692 2245 768 2316 erit
789 2243 961 2336 facilior
988 2239 1306 2312 habitaculorum
1338 2243 1576 2336 conspectio,·
1621 2256 1765 2337 postea

155 2373 357 2468 Hrappus
371 2378 556 2467 moritur,
583 2371 621 2447 8<
641 2375 771 2446 amaia
791 2375 848 2444 ita
869 2385 1038 2467 peracta
1061 2373 1122 2442 uti
1141 2373 1458 2468 praescripserat,
1485 2399 1615 2446 oerum
1637 2401 1765 2470 qvan-

157 2529 273 2602 qoam
287 2507 328 2576 in
345 2508 446 2579 oiiis
462 2477 527 2579 sat
543 2508 697 2606 iniquas
716 2516 814 2578 esset
835 2505 931 2590 illis,
956 2506 1020 2602 qui
1035 2505 1194 2600 negotia
1220 2529 1305 2576 cum
1324 2499 1608 2596 imbuissent,
1636 2519 1764 2578 tomen

151 2649 247 2730 post
266 2652 426 2712 mortem
440 2643 564 2711 multo
583 2641 793 2728 scelestior,
805 2663 898 2710 nam
905 2637 1096 2733 frequens
1111 2649 1380 2733 postmortem
1395 2641 1602 2734 apparuit,
1621 2635 1658 2710 8(
1676 2642 1764 2736 qoi-

155 2769 241 2838 ciem
252 2769 399 2859 ferunt
426 2773 535 2842 illius
558 2797 692 2843 manes
710 2772 923 2840 maximam
949 2781 1107 2862 partem
1123 2768 1302 2861 familias
1334 2768 1530 2840 occidisse.
1601 2775 1765 2844 Pleros-

152 2923 225 2992 qve
249 2900 474 2970 accolarum
509 2927 651 2996 qvoqve
688 2901 854 2970 multum
892 2882 1086 2970 versavit.¹
1139 2901 1252 2972 Villa
1279 2901 1560 2996 Hrappstadis
1596 2905 1761 2975 deserta.

154 3028 200 3100 V
195 3025 327 3119 igdisa
352 3029 522 3125 Hrappi
541 3053 641 3101 uxor
666 3029 898 3098 occidentem
926 3051 1059 3099 versos
1083 3030 1139 3100 ad
1162 3032 1340 3121 fratrem
1367 3033 1638 3104 Thorsteirtum
1661 3037 1761 3105 Sur·

155 3169 237 3226 tum
260 3158 449 3252 confugit.
510 3161 588 3230 Ille
612 3161 788 3230 Sororem
807 3179 899 3226 ‘cum
922 3155 1059 3250 opibus
1080 3157 1239 3252 benigne
1257 3161 1418 3254 excepit.
1470 3164 1562 3234 Jam
1577 3163 1763 3264 homines,

154 3287 215 3357 uti
234 3299 381 3377 antea,
421 3293 479 3360 ad
500 3281 748 3360 Htskulaom
770 3289 936 3356 multum
954 3291 1168 3377 convenire,
1191 3287 1229 3360 8<
1252 3315 1325 3360 sua
1347 3293 1500 3388 quisque
1517 3295 1623 3388 queri
1638 3295 1761 3384 mola,

155 3417 288 3514 quibus
324 3444 350 3487 a
378 3421 554 3515 Hrappo
588 3431 841 3504 vexarentur,
889 3427 1005 3512 atqve
1031 3421 1278 3494 Hoskuiclum
1305 3421 1502 3516 flagitare
1539 3425 1598 3494 uti
1627 3426 1761 3519 aliqva

155 3550 316 3619 consilio
339 3551 432 3620 illos
455 3552 675 3647 adjuvaret.
733 3549 963 3622 Ho'skuldus
988 3537 1035 3618 se¹
1060 3549 1118 3619 ito
1142 3551 1347 3641 facturum
1373 3553 1559 3646 promisit
1567 3579 1581 3644 ,·
1624 3555 1762 3626 deinde

153 3682 398 3772 campaneis
417 3683 705 3778 Hroppstados
722 3679 1005 3776 proficiscitur,
1047 3681 1336 3777 Hrappumqve
1364 3709 1384 3754 e
1413 3686 1592 3780 sepulcro
1621 3685 1709 3756 subl
1737 3727 1761 3744 -

154 3819 270 3898 tum,
291 3813 576 3906 deportandum
600 3815 755 3887 curavit
778 3814 818 3882 in
843 3797 969 3883 locum
997 3837 1023 3881 a
1042 3814 1207 3906 pascuis
1216 3836 1404 3907 pecorum
1426 3829 1542 3913 atqve
1559 3817 1762 3890 itineribus

105 3991 107 3996 -
152 3941 352 4013 hominurn
372 3949 629 4035 remotiorem,
665 3971 736 4042 qvo
749 3941 1052 4038 sactoHrappi
1077 3969 1210 4016 manes
1238 3947 1372 4017 rarius
1393 3947 1497 4018 aisa.
1563 3951 1762 4021 Sumarli·

152 4073 241 4142 dius
256 4075 427 4171 Hrappi
445 4077 556 4170 filias
572 4077 709 4175 patris
723 4097 890 4169 magnas
916 4088 1031 4170 atque
1060 4076 1290 4170 splendidas
1315 4103 1408 4173 opes
1437 4081 1654 4173 occupavit.
1707 4081 1761 4152 Et

151 4219 327 4302 sequente
349 4232 437 4280 aere
453 4211 717 4283 Sumariidius
739 4231 819 4278 rem
842 4207 1091 4277 domesticam
1116 4209 1398 4302 Hrappstadis
1424 4211 1654 4305 capessivit;
1688 4237 1760 4284 cu-

141 4336 210 4428 jus
226 4360 363 4409 curam
379 4365 454 4436 per
473 4344 652 4438 exiguum
678 4354 829 4434 tempus
849 4361 935 4408 cum
956 4339 1158 4434 gessisset,
1190 4340 1349 4410 insania
1368 4355 1581 4437 correptus,
1615 4347 1760 4438 paullo

146 4481 239 4558 post
273 4471 376 4541 diem
410 4474 524 4564 obiit5
560 4476 651 4570 jam
691 4471 860 4566 Vigdisa
896 4469 1130 4541 Sumarliclii
1171 4483 1299 4542 mater
1332 4471 1500 4543 istarum
1526 4499 1643 4570 opum
1675 4502 1760 4548 om-

148 4596 257 4667 nium
283 4603 544 4694 jurehoeres,
582 4630 721 4703 agrum
741 4605 1112 4696 Hrappstadensem
1132 4623 1323 4698 occupare
1346 4606 1484 4676 noluit.
1558 4610 1759 4680 Thorstei-

150 4749 224 4800 aas
261 4733 403 4814 Sarius
446 4738 576 4835 itaqos
615 4737 719 4810 hanc
756 4759 903 4807 omnem
934 4733 1146 4828 pecuniam
1185 4737 1242 4806 ad
1279 4761 1319 4810 se
1355 4741 1564 4812 tutandam
1602 4740 1757 4832 recepit.
