4612 5838
137 767 278 837 suraque
301 767 386 814 eum
408 742 553 812 itinero
574 739 829 834 conspexisse.
883 739 998 824 darn,
1043 738 1186 834 inquit,
1220 738 1461 816 luticeamus
1486 738 1655 824 chaiani,
1683 759 1795 810 nec·-

131 875 408 970 perntittumus
444 873 508 944 illi
539 874 596 942 ud
624 873 785 964 tuguria
818 872 987 964 aliquem
1008 871 1160 960 efferre.
1182 872 1375 943 nuntium.
1444 872 1519 942 Illi
1537 875 1653 967 jussa
1680 899 1761 944 eo·-

16 1039 20 1050 ·
136 1007 285 1078 secuti·
315 1005 431 1078 Anus
462 1002 758 1094 Ventri-virga
785 1023 918 1075 eorum
942 1002 1205 1075 velocissimus
1227 1024 1397 1096 puerum
1422 1015 1562 1074 nactus
1587 1006 1749 1077 sustulit
1876 1063 1878 1068 .

136 1139 308 1234 humique
321 1136 469 1232 dejecit.
521 1137 565 1206 Is
581 1133 818 1226 aerolapsus
842 1133 918 1202 tali
933 1133 1160 1222 modofuit‚
1186 1147 1230 1210 ut
1245 1152 1372 1228 puero
1396 1138 1554 1208 dorsum
1565 1135 1748 1229 perfrin-

131 1280 298 1363 geretur.
351 1268 504 1338 Deinde
524 1267 587 1340 illi
602 1265 762 1360 tugurio
780 1262 1075 1358 adequitabant.
1106 1266 1213 1340 *Duo
1228 1269 1525 1366 emnt'tuguria,
1546 1291 1624 1360 pro
1639 1263 1748 1336 cubi·
1795 1283 1799 1292 ‘

133 1387 221 1472 cute
238 1403 429 1488 alterurn,
455 1401 624 1472 alterurn
647 1420 725 1493 pro
746 1395 959 1495 penuaria.
1031 1397 1192 1468 Bollt'us
1219 1411 1266 1468 ea
1287 1399 1349 1474 die
1370 1423 1485 1473 rnane
1510 1411 1745 1487 surrexerat,

122 1534 377 1628 famulosqos
394 1533 451 1602 acl
467 1555 588 1626 opera
609 1530 878 1632 disposuerat,
909 1529 1000 1622 jam
1026 1551 1116 1602 vero
1141 1531 1307 1624 egressis
1313 1533 1486 1623 famulis
1511 1557 1643 1604 somno
1667 1555 1746 1636 sese

132 1668 303 1737 dederat.
354 1665 428 1736 Illi
450 1666 575 1738 solum
599 1664 699 1741 duo,
722 1662 881 1736 Bellias
898 1685 948 1734 uc
969 1663 1164 1738 Gudruna
1173 1715 1185 1748 ,
1212 1663 1253 1734 in
1276 1664 1434 1758 tugurio
1454 1666 1644 1754 oderant,·
1682 1663 1744 1732 illi

132 1799 262 1869 sonitu
276 1797 458 1868 suscitati
476 1795 764 1868 advenientium
774 1790 812 1863 8(
826 1818 872 1869 eu
887 1796 988 1889 equis
1002 1796 1266 1868 desilientinm
1273 1847 1287 1883 ,
1321 1791 1359 1864 8<
1380 1796 1530 1888 quidem
1547 1796 1743 1884 audivere,

131 1954 195 2002 eos
215 1929 503 2028 consultantes,
544 1927 609 2022 qai
631 1927 806 2020 primum
833 1925 1034 2020 tugurium
1058 1928 1279 2020 irmediens
1304 1928 1480 2028 Bellium
1505 1929 1741 1998 adoriretur.

122 2063 280 2135 Bollius
289 2059 467 2132 Holdori
472 2057 724 2153 pluriumque
746 2058 938 2148 sociorum
957 2081 1084 2130 vocem
1103 2057 1289 2151 cognovit.
1344 2059 1742 2130 BolliusGudrunam

122 2197 331 2282 allocutus,
357 2191 523 2286 rogavit,
549 2203 594 2260 ut
613 2190 770 2285 tugurio
786 2187 935 2277 abiret,
973 2191 1094 2264 talem
1120 2188 1223 2260 enim
1235 2188 1331 2278 sore
1354 2188 1467 2262 illum
1486 2213 1741 2285 congressum,

121 2341 165 2398 ut
185 2327 249 2396 illi
266 2325 377 2397 leoud
391 2334 489 2394 esset
512 2321 794 2412 oblectamento
801 2322 984 2411 futurus.
1056 2324 1249 2394 Gudruna
1270 2322 1329 2391 ita
1347 2347 1385 2390 se
1404 2321 1564 2414 opinari
1579 2338 1742 2398 conten-

126 2460 207 2545 dit,
234 2459 276 2530 id
287 2459 411 2528 solum
426 2455 515 2528 novi
533 2455 587 2524 ibi
600 2467 752 2549 gestum
772 2455 855 2543 iri,.
875 2455 977 2548 qvod
996 2452 1071 2524 sibi
1097 2454 1319 2547 conspicere
1343 2454 1495 2524 licitum
1508 2449 1641 2547 soret,
1675 2483 1770 2530 nec·

125 2589 472 2686 seBollionliqoid
484 2587 716 2663 incommodi
728 2587 947 2667 illaturam,
968 2586 1003 2656 si
1020 2586 1083 2656 illi
1095 2586 1320 2681 propinqua
1343 2587 1533 2658 adstaret.
1585 2591 1743 2662 Bollius

125 2725 243 2820 liujus
259 2723 316 2792 rei
329 2734 564 2816 potestatem
576 2743 699 2816 penes
719 2742 758 2788 se
779 2744 859 2790 esse
870 2719 1116 2813 postulauit,
1141 2714 1180 2787 8<
1200 2731 1281 2788 tum
1299 2719 1449 2812 quidem
1470 2721 1662 2792 Gudruna
1681 2725 1744 2794 illi

125 2855 264 2927 cedens
282 2877 301 2922 e
320 2854 477 2947 tugurio
493 2875 660 2947 egressa.
713 2851 750 2922 E
763 2852 865 2924 clivo
887 2851 1136 2938 descendens,
1173 2851 1344 2923 rivulum
1372 2849 1505 2942 infima
1524 2853 1615 2926 clivi
1636 2857 1742 2926 lam-

123 2987 275 3058 bentem
300 2985 416 3070 adiit,
431 2985 641 3077 coepitque
660 2971 1031 3052 sua'lintealavare.
1101 2982 1193 3052 Jom
1217 2983 1375 3054 Bollius
1401 2985 1508 3057 solus
1535 2987 1678 3058 aflerat
1700 2988 1741 3058 in

126 3118 297 3215 tugurio.
329 3116 467 3189 Armis
476 3117 544 3188 ille
552 3111 756 3206 correptis,
767 3115 927 3206 galeam
937 3112 1122 3206 imposuit
1131 3115 1270 3206 capiti,
1295 3114 1504 3208 clypeoque
1518 3120 1612 3210 tegit
1623 3133 1740 3188 ante-

127 3253 240 3322 riora
257 3250 445 3344 corporis,
463 3248 645 3342 gladium
656 3245 1063 3336 oeroPeclimorsorem
1074 3267 1192 3314 manu
1210 3243 1395 3339 gestabat
1405 3271 1419 3336 ,·
1447 3247 1572 3318 lorica
1594 3249 1655 3318 illi
1672 3253 1743 3321 de-

116 3385 220 3477 fuit.
271 3377 363 3454 Jom
389 3381 599 3451 Holdorus
621 3401 670 3448 oo
693 3377 789 3448 socii
813 3377 917 3446 inter·
932 3401 971 3449 se
987 3378 1277 3462 consultavere,
1309 3403 1376 3472 qua
1392 3379 1623 3471 modoforet
1639 3404 1743 3474 pro·-

127 3518 358 3604 cedendum,
385 3535 495 3584 nemo
512 3512 613 3582 enim
629 3510 804 3582 lubenter
815 3509 1015 3603 tugurium
1032 3512 1156 3583 soluit
1170 3511 1334 3606 ingredi.
1395 3511 1500 3584 Tunc
1517 3507 1742 3586 dinitAnus

128 3649 174 3719 V
168 3647 404 3738 entrioirgo:
430 3644 654 3738 sicquidem
673 3645 819 3716 adsunt
834 3641 922 3726 viri,
940 3643 1140 3736 Iq'artano
1156 3644 1285 3738 magis
1297 3645 1637 3738 consanguinitate
1647 3631 1742 3720 con-

115 3777 274 3876 juncti,
305 3799 419 3870 qvam
443 3799 512 3868 ego
533 3797 637 3858 sum3
668 3797 777 3847 nemo
801 3787 932 3845 autem
952 3775 1092 3848 melius
1123 3753 1327 3848 memoria
1347 3777 1488 3848 retinet
1512 3778 1620 3872 quali
1644 3780 1743 3870 fate

124 3911 354 4006 Kjartnnus
372 3907 517 3975 occisus
539 3918 608 3975 est.
663 3907 713 3976 Jd
728 3907 874 3998 quidem
892 3918 985 3976 tunc
1002 3908 1192 4000 cogitavi,
1234 3911 1386 4003 quondo
1408 3911 1583 4002 Tangam
1605 3915 1746 3980 exani-

126 4041 204 4114 mis
212 4039 468 4132 feredelotus
482 4061 578 4128 sum,
592 4029 815 4134 Isjarlnuus
827 4051 959 4108 autem
978 4014 1205 4129 interfectus
1221 4051 1326 4126 erat,
1351 4065 1410 4110 me
1428 4041 1604 4112 lubenter
1612 4043 1748 4114 Ballio

129 4173 283 4268 aliquid
297 4170 396 4242 mali
417 4171 644 4258 illaturum,
670 4169 704 4239 si
722 4168 873 4240 occasio
890 4169 1064 4240 daretur.
1117 4169 1201 4264 Ego
1222 4173 1352 4266 itaque
1364 4171 1520 4265 primus
1544 4172 1747 4268 ingredior

131 4308 175 4378 in
202 4305 412 4400 tugurium.
478 4305 573 4377 Tum
600 4303 852 4376 Tltorsteinus
871 4269 1006 4396 Niger¹
1027 4304 1256 4397 respoudit:
1293 4303 1464 4394 sortiter
1482 4303 1566 4378 ltaec
1598 4308 1747 4400 quidem

89 4485 91 4490 -
132 4440 261 4523 dicto,
294 4439 421 4532 magis
446 4449 576 4510 tamen
594 4411 856 4520 suadendum,
892 4459 939 4506 ne
966 4435 1059 4530 qvid
1073 4447 1222 4530 agutur
1241 4438 1462 4525 temerarie,
1485 4432 1525 4508 8<
1542 4441 1746 4514 adomnia

133 4581 249 4642 cante
266 4571 529 4664 procedatur,
556 4567 668 4638 haud
685 4568 786 4638 enim
805 4568 963 4638 Bollius
979 4568 1185 4638 immobilis
1205 4569 1394 4653 manebit,
1429 4575 1581 4666 qvando
1596 4573 1747 4666 infestis

132 4704 258 4774 arenis
270 4714 437 4796 petetur.
494 4703 675 4788 Quamvis
698 4702 760 4770 illi
776 4701 887 4770 lzaud
900 4701 1016 4772 multi
1029 4701 1164 4771 adsint
1181 4703 1276 4786 oiri,
1298 4695 1530 4774 acerrimam
1548 4705 1597 4776 ab
1618 4733 1660 4776 eo
1680 4733 1748 4775 ex-

132 4837 391 4936 spectandam
407 4835 664 4925 defensionem
685 4835 807 4905 credo.
862 4833 1018 4904 Bollius
1039 4834 1139 4904 enim
1157 4830 1327 4927 &sortis
1342 4850 1400 4908 est
1415 4838 1476 4910 eir
1492 4833 1529 4906 8<
1551 4860 1749 4908 armorum

1415 4969 1451 5036 H
1477 4969 1502 5036 h
1531 4989 1549 5034 π
