4612 5832
979 483 1070 560 103

195 733 281 830 filii
299 728 577 826 comperientes
596 751 699 824 segre
714 727 857 822 tulere5
884 739 966 800 tum
980 729 1097 800 multi
1113 729 1275 800 illorum
1300 730 1444 818 adulti,
1471 726 1509 802 ὃς
1526 755 1621 804 sone
1644 747 1732 807 erot
1757 740 1832 810 ilia

204 891 301 965 gens
315 865 425 938 band
438 862 522 932 sine
538 873 687 934 terrore
702 861 1028 957 aggredientibus.
1073 860 1233 936 Hrutus
1250 863 1327 936 bac
1341 866 1389 936 de
1413 889 1545 953 causa,
1565 875 1751 963 qvomodo
1766 899 1832 945 es-

207 1014 269 1074 set
285 997 511 1085 tractanda,
529 996 630 1092 leges
640 994 901 1086 consultabat,
912 1020 996 1091 qeoe
1011 1021 1096 1066 cum
1109 997 1430 1070 alurisoonsulto
1446 1014 1544 1072 esset
1558 1006 1728 1098 cognita,
1743 1031 1829 1100 pa-

209 1157 297 1205 rum
318 1129 538 1202 Hrutionis
554 1127 668 1202 cessit
685 1151 731 1197 ex
744 1139 833 1198 eota
841 1151 856 1215 ,·
881 1128 1017 1223 magni
1027 1129 1129 1199 enim
1144 1131 1327 1199 momenti
1336 1131 1461 1202 visum
1478 1147 1545 1225 est,
1564 1140 1665 1230 qvod
1671 1141 1830 1213 Hrutus

209 1265 392 1336 libertum
406 1261 490 1334 sine
504 1261 701 1334 Hbsbuldi
728 1259 842 1333 venia
867 1262 910 1332 in
934 1259 1045 1331 illius
1070 1285 1212 1355 agrum
1236 1263 1489 1355 deposuerat,
1531 1281 1645 1362 atqve
1669 1272 1831 1347 libertus

207 1397 353 1470 ibidem
370 1418 460 1490 apes
475 1408 614 1469 nactus
630 1406 717 1466 erat
726 1417 740 1485 ,⁴
767 1391 923 1491 ideoqve
943 1393 1171 1465 Tborleikus
1187 1417 1271 1464 eum
1288 1395 1330 1464 in
1346 1421 1416 1466 suo
1439 1411 1613 1491 paterno
1637 1429 1735 1498 agro
1760 1407 1830 1478 ob-

209 1513 433 1602 truncaret.
484 1529 642 1602 Hrutus
660 1530 790 1623 itaque
808 1551 910 1623 aegre
924 1552 1037 1602 suam
1056 1541 1197 1599 sortem
1206 1529 1388 1624 pertulit.
1436 1532 1581 1602 Postea
1604 1535 1831 1612 Tborleikus

208 1665 266 1737 ad
279 1661 408 1734 Hruti
422 1661 753 1758 atqee'lsbebuldi
769 1661 913 1732 limites
929 1661 1069 1734 viliam
1082 1661 1285 1733 exstruxit.
1353 1659 1636 1738 Kambsnesum
1658 1695 1704 1738 ea
1729 1672 1830 1744 villa

209 1807 363 1872 vocato.
401 1793 465 1866 Ibi
486 1796 521 1866 Τ
516 1794 713 1866 borleibus
726 1818 804 1888 per
817 1795 980 1890 aliquod
993 1806 1145 1888 tempus
1155 1791 1367 1864 habitabat
1383 1797 1443 1866 uti
1460 1811 1579 1870 antea
1598 1802 1828 1876 dictumest.

214 1927 639 2002 Tborieibusesruxore
654 1925 950 2020 nactnsfilium,
990 1926 1054 1996 illi
1064 1949 1191 2021 puero
1209 1952 1313 2024 aqva
1337 1930 1550 2023 superfusa
1575 1959 1710 2006 nomen
1726 1938 1830 2009 Bot-

212 2062 288 2134 lius
305 2061 491 2154 inditum,
521 2059 628 2135 brevi
645 2061 714 2132 itte
730 2062 1104 2152 excellenticformae
1120 2059 1193 2131 eir.

852 2362 983 2465 CAP.
1020 2375 1194 2462 XXVI.

405 2575 761 2702 Hbskuldusfllius
781 2552 1224 2704 Dolabellioetotejam
1235 2607 1405 2700 grandis
1424 2607 1465 2678 in
1483 2609 1657 2681 morbum
1679 2612 1828 2708 incidit.

209 2739 426 2836 Tumfilios
444 2742 815 2838 ceterosqveamioos
830 2753 946 2836 atqve
955 2741 1202 2836 propinquos
1219 2741 1337 2810 misso
1357 2741 1496 2811 nuntio
1522 2745 1578 2812 ad
1607 2769 1646 2814 se
1663 2749 1829 2817 vocavit.

207 2875 285 2964 Qot
300 2875 358 2959 ad
372 2896 458 2946 eum
477 2857 563 2944 bum
579 2874 782 2962 venissent,
803 2874 957 2966 fratres
979 2871 1227 2946 Ybarleibum
1243 2884 1359 2967 atqve
1373 2875 1555 2946 Bardurn
1572 2878 1630 2946 ita
1655 2880 1829 2976 alloqvi-
1875 2949 1877 2954 ,

204 3018 297 3075 tur:
328 3005 421 3074 Jam
442 3003 710 3095 infirmitatem
726 3006 922 3098 qvondam
938 3004 1081 3091 sentio,
1108 3025 1177 3074 nec
1196 3006 1355 3074 solitum
1372 3007 1470 3076 milzi
1491 3009 1828 3084 valetudinarium

208 3161 313 3229 esse,
340 3137 481 3207 tertius
497 3145 629 3205 autem
641 3136 739 3205 milti
751 3134 869 3235 filius
886 3143 944 3204 est
966 3143 1079 3202 extra
1104 3136 1396 3204 matrimonium
1420 3150 1557 3227 notus,
1593 3141 1749 3259 ideoqve
1767 3167 1829 3212 vos

199 3271 359 3364 fratres
374 3291 488 3359 rogo,
516 3279 561 3338 ut
583 3267 790 3341 otooom
775 3291 816 3335 ιιι
835 3265 1119 3336 baereditatis'
1103 3290 1193 3350 pura
1219 3267 1435 3362 recipiatis,
1463 3269 1523 3337 uti
1540 3271 1697 3340 tertiam
1713 3299 1830 3368 opum

209 3415 366 3498 portem
390 3397 585 3474 vobiscum
607 3399 812 3470 sortiatur.
863 3397 1027 3469 Bardus
1039 3399 1167 3492 prior
1191 3398 1395 3492 respondit
1420 3413 1535 3496 atqve
1557 3403 1676 3490 dixit,
1703 3432 1742 3476 se
1758 3409 1831 3478 boc

202 3537 416 3630 facturum
430 3533 645 3604 secundum
660 3535 901 3606 voluntatem
918 3530 1072 3626 patris,
1098 3555 1192 3602 nam
1210 3544 1334 3622 tanto,
1362 3533 1506 3628 inquit,
1532 3536 1718 3631 majorem
1732 3541 1830 3622 milei

212 3668 264 3740 ab
282 3655 408 3742 Olaeo
421 3666 606 3746 bonorem
620 3679 799 3761 expecto,
813 3676 960 3762 qvanta
968 3665 1136 3760 majores
1154 3665 1223 3738 itte
1239 3667 1408 3760 adeptus
1414 3665 1547 3757 suerit
1567 3694 1669 3765 opes.
1724 3673 1830 3744 Τιιιιο

217 3800 458 3894 Tborleikus,
474 3801 602 3886 vaide,
618 3799 755 3894 inqeit,
770 3797 946 3870 boemilsi
955 3798 1198 3870 contrarium
1215 3811 1283 3890 est,
1301 3812 1345 3870 ut
1356 3801 1538 3872 olavus
1523 3827 1565 3872 en
1582 3803 1831 3878 hoereditatis

203 3933 306 4027 jura
321 3932 550 4056 recipiatur,
575 3934 712 4005 multoe
729 3933 830 4005 enim
846 3932 910 4001 illi
927 3955 1017 4026 opes
1034 3943 1170 4056 antea:
1205 3945 1243 4003 et
1269 3946 1311 4002 tu
1337 3934 1488 4028 quidem
1508 3936 1689 4030 profecto
1709 3953 1808 4034 pat
1810 3964 1831 4009 r

214 4065 260 4136 de
283 4064 364 4144 tuis
388 4039 508 4136 rebus
515 4039 690 4138 inuitum
718 4066 782 4135 itti
801 4043 1038 4159 praebnisti,
1049 4043 1404 4159 eeqbitotemerga
1433 4091 1503 4138 nos
1502 4066 1671 4158 fratres
1680 4093 1831 4166 parum
1948 4073 1950 4076 ’

214 4198 437 4292 respiciens.
495 4200 624 4272 Haud
645 4201 740 4270 eane
757 4197 891 4268 iubens
916 4196 966 4267 ab
990 4221 1032 4268 eo
1047 4165 1182 4266 cedam
1208 4197 1408 4282 bonore,'
1394 4223 1435 4268 ιιι
1460 4224 1566 4293 qvem
1586 4215 1704 4272 reatus
1732 4230 1827 4275 enne.

212 4329 443 4401 Hbskuidus
459 4333 583 4404 dixit:
614 4355 728 4428 spero
744 4357 811 4405 eos
819 4331 890 4428 jus
905 4331 1003 4400 mibi
1020 4353 1098 4402 nan
1115 4331 1386 4425 denegatnroe,
1404 4353 1451 4400 ne
1457 4329 1550 4422 filio
1563 4357 1644 4405 meo
1663 4338 1726 4406 cui
1742 4363 1832 4407 ma-

215 4473 329 4535 terna
345 4465 473 4560 stirps
486 4465 546 4537 ita
563 4465 717 4556 nobilis,
743 4467 803 4538 uti
816 4464 942 4537 otooo
960 4477 1029 4554 est,
1048 4465 1140 4536 XII
1151 4477 1292 4534 aureos
1303 4453 1477 4564 (nesciae)
1489 4467 1637 4539 donem.
1669 4471 1759 4541 Hoc
1770 4472 1832 4541 illi

169 4599 174 4606 '
219 4595 448 4668 Tborleibne
461 4600 659 4670 concessit.
724 4601 820 4671 Τιιιιι
838 4597 1068 4668 Hbebuldus
1102 4599 1294 4670 annulum
1327 4620 1490 4670 aureum
1511 4625 1657 4674 marces
1673 4605 1833 4698 pondus
1953 4619 1956 4626 '

214 4727 432 4817 habentem,
450 4757 559 4828 qvem
574 4755 642 4803 rea
650 4731 794 4803 Haean
805 4731 868 4802 itti
877 4732 1052 4819 dederat,
1066 4727 1206 4826 offerri
1220 4729 1294 4800 sibi
1297 4733 1433 4826 jussit,
1448 4734 1636 4830 simulque
1641 4737 1832 4830 gladium,
1848 4781 1852 4788 -

211 4843 325 4956 ¹qvem
345 4863 409 4934 itti
427 4867 589 4938 dederat
607 4889 685 4957 rex,
702 4865 865 4936 dimidio
879 4888 1024 4936 rnorcoe
1040 4877 1291 4958 constantem,
1319 4878 1434 4960 atqve
1458 4867 1540 4970 boec
1563 4868 1687 4938 Olovo
1716 4867 1836 4936 simul
