<?xml version="1.0" encoding="UTF-8"?>
<!DOCTYPE html PUBLIC "-//W3C//DTD XHTML 1.0 Transitional//EN"
    "http://www.w3.org/TR/xhtml1/DTD/xhtml1-transitional.dtd">
<html xmlns="http://www.w3.org/1999/xhtml" xml:lang="en" lang="en">
 <head>
  <title>
</title>
<meta http-equiv="Content-Type" content="text/html;charset=utf-8" />
  <meta name='ocr-system' content='tesseract 3.04.00' />
  <meta name='ocr-capabilities' content='ocr_page ocr_carea ocr_par ocr_line ocrx_word'/>
</head>
<body>
  <div class='ocr_page' id='page_1' title='image "./laxdlasagasiveh00stifgoog_0172.png"; bbox 0 0 4612 5832; ppageno 0'>
   <div class='ocr_carea' id='block_1_1' title="bbox 1691 0 2284 2">
    <p class='ocr_par' dir='ltr' id='par_1_1' title="bbox 1691 0 2284 2">
     <span class='ocr_line' id='line_1_1' title="bbox 1691 0 2284 2; baseline 0 0"><span class='ocrx_word' id='word_1_1' title='bbox 1691 0 2284 2; x_wconf 95' lang='lat' dir='ltr'><em> </em></span> 
     </span>
    </p>
   </div>
   <div class='ocr_carea' id='block_1_2' title="bbox 853 499 1058 620">
    <p class='ocr_par' dir='ltr' id='par_1_2' title="bbox 853 499 1058 620">
     <span class='ocr_line' id='line_1_2' title="bbox 853 499 1058 620; baseline 0 -42"><span class='ocrx_word' id='word_1_2' title='bbox 853 499 1058 620; x_wconf 51' lang='lat' dir='ltr'><em>Qe-</em></span> 
     </span>
    </p>
   </div>
   <div class='ocr_carea' id='block_1_3' title="bbox 140 745 1840 1507">
    <p class='ocr_par' dir='ltr' id='par_1_3' title="bbox 140 745 1840 1507">
     <span class='ocr_line' id='line_1_3' title="bbox 140 745 1765 846; baseline 0.002 -23"><span class='ocrx_word' id='word_1_3' title='bbox 140 755 213 846; x_wconf 85' lang='lat' dir='ltr'><em>sex</em></span> <span class='ocrx_word' id='word_1_4' title='bbox 229 749 455 843; x_wconf 83' lang='lat' dir='ltr'><em>Helgafelli</em></span> <span class='ocrx_word' id='word_1_5' title='bbox 472 745 705 836; x_wconf 76' lang='lat' dir='ltr'><em>habitabat,</em></span> <span class='ocrx_word' id='word_1_6' title='bbox 717 747 801 834; x_wconf 62' lang='lat' dir='ltr'><em>‚itte</em></span> <span class='ocrx_word' id='word_1_7' title='bbox 819 749 956 820; x_wconf 79' lang='lat' dir='ltr'><em>Osvioa</em></span> <span class='ocrx_word' id='word_1_8' title='bbox 973 761 1163 840; x_wconf 82' lang='lat' dir='ltr'><em>cognatus</em></span> <span class='ocrx_word' id='word_1_9' title='bbox 1180 763 1292 846; x_wconf 77' lang='lat' dir='ltr'><em>atqve</em></span> <span class='ocrx_word' id='word_1_10' title='bbox 1309 749 1468 822; x_wconf 86' lang='lat' dir='ltr'><em>amicus.</em></span> <span class='ocrx_word' id='word_1_11' title='bbox 1503 751 1657 846; x_wconf 82' lang='lat' dir='ltr'><em>Magna</em></span> <span class='ocrx_word' id='word_1_12' title='bbox 1677 755 1765 826; x_wconf 82' lang='lat' dir='ltr'><em>inde</em></span> 
     </span>
     <span class='ocr_line' id='line_1_4' title="bbox 152 877 1760 973; baseline -0.001 -18"><span class='ocrx_word' id='word_1_13' title='bbox 152 884 354 956; x_wconf 81' lang='lat' dir='ltr'><em>Gudrunoe</em></span> <span class='ocrx_word' id='word_1_14' title='bbox 376 879 542 949; x_wconf 78' lang='lat' dir='ltr'><em>subsidii</em></span> <span class='ocrx_word' id='word_1_15' title='bbox 559 904 657 973; x_wconf 84' lang='lat' dir='ltr'><em>spes.</em></span> <span class='ocrx_word' id='word_1_16' title='bbox 711 882 857 950; x_wconf 78' lang='lat' dir='ltr'><em>Snorro</em></span> <span class='ocrx_word' id='word_1_17' title='bbox 881 881 1070 970; x_wconf 78' lang='lat' dir='ltr'><em>Pontifex</em></span> <span class='ocrx_word' id='word_1_18' title='bbox 1096 884 1151 950; x_wconf 86' lang='lat' dir='ltr'><em>ud</em></span> <span class='ocrx_word' id='word_1_19' title='bbox 1173 877 1406 953; x_wconf 87' lang='lat' dir='ltr'><em>Gudrunam</em></span> <span class='ocrx_word' id='word_1_20' title='bbox 1428 884 1618 955; x_wconf 78' lang='lat' dir='ltr'><em>invitatus</em></span> <span class='ocrx_word' id='word_1_21' title='bbox 1648 887 1760 956; x_wconf 76' lang='lat' dir='ltr'><em>venit.</em></span> 
     </span>
     <span class='ocr_line' id='line_1_5' title="bbox 146 1007 1840 1112; baseline -0.003 -25"><span class='ocrx_word' id='word_1_22' title='bbox 146 1017 188 1100; x_wconf 79' lang='lat' dir='ltr'><em>¹T</em></span> <span class='ocrx_word' id='word_1_23' title='bbox 185 1039 249 1086; x_wconf 92' lang='lat' dir='ltr'><em>um</em></span> <span class='ocrx_word' id='word_1_24' title='bbox 264 1014 413 1082; x_wconf 89' lang='lat' dir='ltr'><em>malam</em></span> <span class='ocrx_word' id='word_1_25' title='bbox 430 1035 541 1080; x_wconf 90' lang='lat' dir='ltr'><em>suam</em></span> <span class='ocrx_word' id='word_1_26' title='bbox 548 1007 762 1104; x_wconf 82' lang='lat' dir='ltr'><em>fortunam</em></span> <span class='ocrx_word' id='word_1_27' title='bbox 782 1012 844 1079; x_wconf 89' lang='lat' dir='ltr'><em>illi</em></span> <span class='ocrx_word' id='word_1_28' title='bbox 861 1013 1184 1103; x_wconf 78' lang='lat' dir='ltr'><em>conqoerebatur5</em></span> <span class='ocrx_word' id='word_1_29' title='bbox 1213 1016 1281 1086; x_wconf 91' lang='lat' dir='ltr'><em>ille</em></span> <span class='ocrx_word' id='word_1_30' title='bbox 1298 1029 1427 1088; x_wconf 87' lang='lat' dir='ltr'><em>autem</em></span> <span class='ocrx_word' id='word_1_31' title='bbox 1440 1019 1590 1111; x_wconf 79' lang='lat' dir='ltr'><em>qvando</em></span> <span class='ocrx_word' id='word_1_32' title='bbox 1607 1043 1666 1087; x_wconf 89' lang='lat' dir='ltr'><em>res</em></span> <span class='ocrx_word' id='word_1_33' title='bbox 1684 1019 1762 1112; x_wconf 91' lang='lat' dir='ltr'><em>ipsi</em></span> <span class='ocrx_word' id='word_1_34' title='bbox 1836 1073 1840 1082; x_wconf 94' lang='lat'><em>.</em></span> 
     </span>
     <span class='ocr_line' id='line_1_6' title="bbox 144 1143 1760 1242; baseline 0.002 -26"><span class='ocrx_word' id='word_1_35' title='bbox 144 1147 363 1242; x_wconf 82' lang='lat' dir='ltr'><em>placuerit,</em></span> <span class='ocrx_word' id='word_1_36' title='bbox 391 1143 500 1216; x_wconf 88' lang='lat' dir='ltr'><em>illius</em></span> <span class='ocrx_word' id='word_1_37' title='bbox 519 1167 700 1214; x_wconf 88' lang='lat' dir='ltr'><em>caussam</em></span> <span class='ocrx_word' id='word_1_38' title='bbox 716 1155 983 1236; x_wconf 82' lang='lat' dir='ltr'><em>suscepturum</em></span> <span class='ocrx_word' id='word_1_39' title='bbox 1001 1145 1235 1236; x_wconf 80' lang='lat' dir='ltr'><em>affirmavit,</em></span> <span class='ocrx_word' id='word_1_40' title='bbox 1264 1149 1319 1216; x_wconf 93' lang='lat' dir='ltr'><em>ad</em></span> <span class='ocrx_word' id='word_1_41' title='bbox 1335 1149 1614 1220; x_wconf 79' lang='lat' dir='ltr'><em>consolandam</em></span> <span class='ocrx_word' id='word_1_42' title='bbox 1631 1164 1760 1223; x_wconf 88' lang='lat' dir='ltr'><em>autem</em></span> 
     </span>
     <span class='ocr_line' id='line_1_7' title="bbox 150 1251 1760 1374; baseline 0.001 -23"><span class='ocrx_word' id='word_1_43' title='bbox 150 1281 383 1352; x_wconf 87' lang='lat' dir='ltr'><em>Gudrunom</em></span> <span class='ocrx_word' id='word_1_44' title='bbox 402 1298 571 1371; x_wconf 87' lang='lat' dir='ltr'><em>puerum</em></span> <span class='ocrx_word' id='word_1_45' title='bbox 596 1277 663 1347; x_wconf 87' lang='lat' dir='ltr'><em>ille</em></span> <span class='ocrx_word' id='word_1_46' title='bbox 684 1301 722 1346; x_wconf 89' lang='lat' dir='ltr'><em>se</em></span> <span class='ocrx_word' id='word_1_47' title='bbox 750 1251 1003 1344; x_wconf 80' lang='lat' dir='ltr'><em>educaturum</em></span> <span class='ocrx_word' id='word_1_48' title='bbox 1021 1278 1227 1369; x_wconf 79' lang='lat' dir='ltr'><em>promisit,</em></span> <span class='ocrx_word' id='word_1_49' title='bbox 1269 1283 1367 1374; x_wconf 84' lang='lat' dir='ltr'><em>qood</em></span> <span class='ocrx_word' id='word_1_50' title='bbox 1390 1283 1582 1350; x_wconf 87' lang='lat' dir='ltr'><em>Gudruna</em></span> <span class='ocrx_word' id='word_1_51' title='bbox 1604 1283 1760 1352; x_wconf 85' lang='lat' dir='ltr'><em>minime</em></span> 
     </span>
     <span class='ocr_line' id='line_1_8' title="bbox 149 1392 1759 1507; baseline 0.002 -26"><span class='ocrx_word' id='word_1_52' title='bbox 149 1415 358 1507; x_wconf 76' lang='lat' dir='ltr'><em>spernens,</em></span> <span class='ocrx_word' id='word_1_53' title='bbox 397 1433 474 1479; x_wconf 85' lang='lat' dir='ltr'><em>sese</em></span> <span class='ocrx_word' id='word_1_54' title='bbox 501 1407 611 1477; x_wconf 86' lang='lat' dir='ltr'><em>illius</em></span> <span class='ocrx_word' id='word_1_55' title='bbox 636 1392 798 1477; x_wconf 83' lang='lat' dir='ltr'><em>consilio</em></span> <span class='ocrx_word' id='word_1_56' title='bbox 818 1393 979 1476; x_wconf 79' lang='lat' dir='ltr'><em>usuram</em></span> <span class='ocrx_word' id='word_1_57' title='bbox 990 1405 1084 1498; x_wconf 88' lang='lat' dir='ltr'><em>fo&#39;re</em></span> <span class='ocrx_word' id='word_1_58' title='bbox 1102 1409 1323 1504; x_wconf 83' lang='lat' dir='ltr'><em>affirmavit.</em></span> <span class='ocrx_word' id='word_1_59' title='bbox 1381 1411 1559 1482; x_wconf 80' lang='lat' dir='ltr'><em>leordus</em></span> <span class='ocrx_word' id='word_1_60' title='bbox 1575 1414 1638 1484; x_wconf 75' lang='lat' dir='ltr'><em>liic</em></span> <span class='ocrx_word' id='word_1_61' title='bbox 1653 1414 1759 1484; x_wconf 87' lang='lat' dir='ltr'><em>Felis</em></span> 
     </span>
    </p>
   </div>
   <div class='ocr_carea' id='block_1_4' title="bbox 150 1539 1895 1636">
    <p class='ocr_par' dir='ltr' id='par_1_4' title="bbox 150 1539 1895 1636">
     <span class='ocr_line' id='line_1_9' title="bbox 150 1539 1895 1636; baseline -0.001 -21"><span class='ocrx_word' id='word_1_62' title='bbox 150 1554 332 1626; x_wconf 75' lang='lat' dir='ltr'><em>vocatus,</em></span> <span class='ocrx_word' id='word_1_63' title='bbox 369 1552 492 1634; x_wconf 88' lang='lat' dir='ltr'><em>pater</em></span> <span class='ocrx_word' id='word_1_64' title='bbox 514 1553 603 1609; x_wconf 85' lang='lat' dir='ltr'><em>erat</em></span> <span class='ocrx_word' id='word_1_65' title='bbox 626 1539 725 1630; x_wconf 86' lang='lat' dir='ltr'><em>Stufi</em></span> <span class='ocrx_word' id='word_1_66' title='bbox 743 1551 884 1633; x_wconf 82' lang='lat' dir='ltr'><em>paetce.</em></span> <span class='ocrx_word' id='word_1_67' title='bbox 953 1539 1106 1610; x_wconf 83' lang='lat' dir='ltr'><em>Deinde</em></span> <span class='ocrx_word' id='word_1_68' title='bbox 1132 1544 1273 1610; x_wconf 86' lang='lat' dir='ltr'><em>Gestus</em></span> <span class='ocrx_word' id='word_1_69' title='bbox 1302 1541 1468 1634; x_wconf 86' lang='lat' dir='ltr'><em>Oddleifi</em></span> <span class='ocrx_word' id='word_1_70' title='bbox 1487 1543 1600 1636; x_wconf 80' lang='lat' dir='ltr'><em>filius</em></span> <span class='ocrx_word' id='word_1_71' title='bbox 1632 1547 1760 1615; x_wconf 91' lang='lat' dir='ltr'><em>Hall-</em></span> <span class='ocrx_word' id='word_1_72' title='bbox 1879 1577 1895 1596; x_wconf 43' lang='grc' dir='ltr'><em>ι·</em></span> 
     </span>
    </p>
   </div>
   <div class='ocr_carea' id='block_1_5' title="bbox 148 1671 1842 2302">
    <p class='ocr_par' dir='ltr' id='par_1_5' title="bbox 148 1671 1842 2302">
     <span class='ocr_line' id='line_1_10' title="bbox 149 1671 1759 1765; baseline 0 -19"><span class='ocrx_word' id='word_1_73' title='bbox 149 1675 315 1746; x_wconf 84' lang='lat' dir='ltr'><em>steinum</em></span> <span class='ocrx_word' id='word_1_74' title='bbox 345 1671 792 1764; x_wconf 74' lang='lat' dir='ltr'><em>Pontificemconvenit,</em></span> <span class='ocrx_word' id='word_1_75' title='bbox 840 1671 969 1765; x_wconf 77' lang='lat' dir='ltr'><em>illique</em></span> <span class='ocrx_word' id='word_1_76' title='bbox 1003 1674 1103 1741; x_wconf 88' lang='lat' dir='ltr'><em>duas</em></span> <span class='ocrx_word' id='word_1_77' title='bbox 1134 1671 1275 1744; x_wconf 79' lang='lat' dir='ltr'><em>obtulit</em></span> <span class='ocrx_word' id='word_1_78' title='bbox 1303 1677 1563 1746; x_wconf 87' lang='lat' dir='ltr'><em>conditiones:</em></span> <span class='ocrx_word' id='word_1_79' title='bbox 1611 1691 1683 1746; x_wconf 89' lang='lat' dir='ltr'><em>aut</em></span> <span class='ocrx_word' id='word_1_80' title='bbox 1716 1691 1759 1748; x_wconf 90' lang='lat' dir='ltr'><em>ut</em></span> 
     </span>
     <span class='ocr_line' id='line_1_11' title="bbox 150 1797 1842 1902; baseline 0.001 -25"><span class='ocrx_word' id='word_1_81' title='bbox 150 1809 233 1902; x_wconf 88' lang='lat' dir='ltr'><em>ipse</em></span> <span class='ocrx_word' id='word_1_82' title='bbox 249 1803 431 1895; x_wconf 76' lang='lat' dir='ltr'><em>veneficos</em></span> <span class='ocrx_word' id='word_1_83' title='bbox 452 1805 546 1874; x_wconf 79' lang='lat' dir='ltr'><em>istos</em></span> <span class='ocrx_word' id='word_1_84' title='bbox 566 1805 738 1875; x_wconf 78' lang='lat' dir='ltr'><em>homines</em></span> <span class='ocrx_word' id='word_1_85' title='bbox 756 1803 947 1896; x_wconf 83' lang='lat' dir='ltr'><em>abigeret,</em></span> <span class='ocrx_word' id='word_1_86' title='bbox 992 1816 1064 1873; x_wconf 87' lang='lat' dir='ltr'><em>aut</em></span> <span class='ocrx_word' id='word_1_87' title='bbox 1086 1819 1130 1874; x_wconf 93' lang='lat' dir='ltr'><em>ut</em></span> <span class='ocrx_word' id='word_1_88' title='bbox 1153 1833 1192 1876; x_wconf 90' lang='lat' dir='ltr'><em>se</em></span> <span class='ocrx_word' id='word_1_89' title='bbox 1219 1807 1309 1876; x_wconf 85' lang='lat' dir='ltr'><em>illos</em></span> <span class='ocrx_word' id='word_1_90' title='bbox 1339 1809 1510 1878; x_wconf 87' lang='lat' dir='ltr'><em>accidere</em></span> <span class='ocrx_word' id='word_1_91' title='bbox 1532 1822 1759 1902; x_wconf 83' lang='lat' dir='ltr'><em>pateretur,·</em></span> <span class='ocrx_word' id='word_1_92' title='bbox 1837 1797 1842 1806; x_wconf 50' lang='lat'>¹</span> 
     </span>
     <span class='ocr_line' id='line_1_12' title="bbox 148 1933 1759 2037; baseline -0.001 -25"><span class='ocrx_word' id='word_1_93' title='bbox 148 1941 250 2037; x_wconf 78' lang='lat' dir='ltr'><em>qvod</em></span> <span class='ocrx_word' id='word_1_94' title='bbox 271 1951 400 2008; x_wconf 88' lang='lat' dir='ltr'><em>tamen</em></span> <span class='ocrx_word' id='word_1_95' title='bbox 414 1937 505 2031; x_wconf 84' lang='lat' dir='ltr'><em>jam</em></span> <span class='ocrx_word' id='word_1_96' title='bbox 529 1935 646 2006; x_wconf 88' lang='lat' dir='ltr'><em>nimis</em></span> <span class='ocrx_word' id='word_1_97' title='bbox 663 1958 748 2004; x_wconf 91' lang='lat' dir='ltr'><em>sero</em></span> <span class='ocrx_word' id='word_1_98' title='bbox 761 1933 855 2025; x_wconf 89' lang='lat' dir='ltr'><em>fieri</em></span> <span class='ocrx_word' id='word_1_99' title='bbox 873 1935 1181 2030; x_wconf 80' lang='lat' dir='ltr'><em>conqcerebatur.</em></span> <span class='ocrx_word' id='word_1_100' title='bbox 1234 1937 1488 2034; x_wconf 82' lang='lat' dir='ltr'><em>Hallsteinus</em></span> <span class='ocrx_word' id='word_1_101' title='bbox 1508 1939 1619 2010; x_wconf 78' lang='lat' dir='ltr'><em>ltaud</em></span> <span class='ocrx_word' id='word_1_102' title='bbox 1632 1944 1759 2011; x_wconf 86' lang='lat' dir='ltr'><em>multa</em></span> 
     </span>
     <span class='ocr_line' id='line_1_13' title="bbox 148 2065 1759 2162; baseline 0.001 -20"><span class='ocrx_word' id='word_1_103' title='bbox 148 2070 461 2143; x_wconf 75' lang='lat' dir='ltr'><em>consideratione</em></span> <span class='ocrx_word' id='word_1_104' title='bbox 481 2069 537 2138; x_wconf 90' lang='lat' dir='ltr'><em>ad</em></span> <span class='ocrx_word' id='word_1_105' title='bbox 559 2067 776 2160; x_wconf 84' lang='lat' dir='ltr'><em>eligendum</em></span> <span class='ocrx_word' id='word_1_106' title='bbox 801 2078 913 2134; x_wconf 85' lang='lat' dir='ltr'><em>utens</em></span> <span class='ocrx_word' id='word_1_107' title='bbox 930 2089 996 2135; x_wconf 85' lang='lat' dir='ltr'><em>eas</em></span> <span class='ocrx_word' id='word_1_108' title='bbox 1013 2065 1122 2137; x_wconf 84' lang='lat' dir='ltr'><em>abire</em></span> <span class='ocrx_word' id='word_1_109' title='bbox 1139 2069 1325 2162; x_wconf 85' lang='lat' dir='ltr'><em>rogabat,</em></span> <span class='ocrx_word' id='word_1_110' title='bbox 1352 2093 1421 2140; x_wconf 89' lang='lat' dir='ltr'><em>nec</em></span> <span class='ocrx_word' id='word_1_111' title='bbox 1441 2070 1523 2138; x_wconf 89' lang='lat' dir='ltr'><em>ulla</em></span> <span class='ocrx_word' id='word_1_112' title='bbox 1547 2071 1588 2140; x_wconf 86' lang='lat' dir='ltr'><em>in</em></span> <span class='ocrx_word' id='word_1_113' title='bbox 1607 2075 1689 2142; x_wconf 87' lang='lat' dir='ltr'><em>loco</em></span> <span class='ocrx_word' id='word_1_114' title='bbox 1710 2071 1759 2143; x_wconf 84' lang='lat' dir='ltr'><em>ab</em></span> 
     </span>
     <span class='ocr_line' id='line_1_14' title="bbox 148 2197 1759 2302; baseline -0.002 -26"><span class='ocrx_word' id='word_1_115' title='bbox 148 2202 383 2302; x_wconf 87' lang='lat' dir='ltr'><em>occidentali</em></span> <span class='ocrx_word' id='word_1_116' title='bbox 403 2212 525 2301; x_wconf 85' lang='lat' dir='ltr'><em>parte</em></span> <span class='ocrx_word' id='word_1_117' title='bbox 546 2201 785 2270; x_wconf 88' lang='lat' dir='ltr'><em>desertorum</em></span> <span class='ocrx_word' id='word_1_118' title='bbox 808 2197 1043 2268; x_wconf 72' lang='lat' dir='ltr'><em>Balentium</em></span> <span class='ocrx_word' id='word_1_119' title='bbox 1069 2200 1296 2285; x_wconf 73' lang='lat' dir='ltr'><em>consistere,</em></span> <span class='ocrx_word' id='word_1_120' title='bbox 1332 2202 1544 2296; x_wconf 81' lang='lat' dir='ltr'><em>rectiusqoe</em></span> <span class='ocrx_word' id='word_1_121' title='bbox 1566 2203 1759 2296; x_wconf 78' lang='lat' dir='ltr'><em>adfirmo-,-</em></span> 
     </span>
    </p>
   </div>
   <div class='ocr_carea' id='block_1_6' title="bbox 143 2299 1757 2428">
    <p class='ocr_par' dir='ltr' id='par_1_6' title="bbox 143 2299 1757 2428">
     <span class='ocr_line' id='line_1_15' title="bbox 143 2299 1757 2428; baseline -0.002 -20"><span class='ocrx_word' id='word_1_122' title='bbox 143 2319 224 2428; x_wconf 77' lang='lat' dir='ltr'><em>oit,</em></span> <span class='ocrx_word' id='word_1_123' title='bbox 262 2345 306 2404; x_wconf 89' lang='lat' dir='ltr'><em>ut</em></span> <span class='ocrx_word' id='word_1_124' title='bbox 326 2330 601 2402; x_wconf 81' lang='lat' dir='ltr'><em>occiderentur.</em></span> <span class='ocrx_word' id='word_1_125' title='bbox 658 2329 807 2400; x_wconf 87' lang='lat' dir='ltr'><em>Deinde</em></span> <span class='ocrx_word' id='word_1_126' title='bbox 824 2299 1081 2401; x_wconf 81' lang='lat' dir='ltr'><em>Kotlelliana</em></span> <span class='ocrx_word' id='word_1_127' title='bbox 1093 2354 1189 2426; x_wconf 87' lang='lat' dir='ltr'><em>gens</em></span> <span class='ocrx_word' id='word_1_128' title='bbox 1209 2329 1328 2416; x_wconf 83' lang='lat' dir='ltr'><em>abiit,</em></span> <span class='ocrx_word' id='word_1_129' title='bbox 1360 2346 1514 2426; x_wconf 82' lang='lat' dir='ltr'><em>proeter</em></span> <span class='ocrx_word' id='word_1_130' title='bbox 1534 2357 1757 2428; x_wconf 72' lang='lat' dir='ltr'><em>equosque-</em></span> 
     </span>
    </p>
   </div>
   <div class='ocr_carea' id='block_1_7' title="bbox 100 2453 1760 3350">
    <p class='ocr_par' dir='ltr' id='par_1_7' title="bbox 100 2453 1760 3350">
     <span class='ocr_line' id='line_1_16' title="bbox 100 2453 1758 2559; baseline -0.002 -19"><span class='ocrx_word' id='word_1_131' title='bbox 100 2459 109 2474; x_wconf 64' lang='lat'><em>⁶</em></span> <span class='ocrx_word' id='word_1_132' title='bbox 144 2483 239 2540; x_wconf 88' lang='lat' dir='ltr'><em>tuor</em></span> <span class='ocrx_word' id='word_1_133' title='bbox 258 2465 318 2537; x_wconf 90' lang='lat' dir='ltr'><em>nil</em></span> <span class='ocrx_word' id='word_1_134' title='bbox 334 2473 458 2534; x_wconf 79' lang='lat' dir='ltr'><em>secum</em></span> <span class='ocrx_word' id='word_1_135' title='bbox 476 2453 688 2556; x_wconf 63' lang='lat' dir='ltr'><em>abducens,</em></span> <span class='ocrx_word' id='word_1_136' title='bbox 713 2487 800 2534; x_wconf 84' lang='lat' dir='ltr'><em>mas</em></span> <span class='ocrx_word' id='word_1_137' title='bbox 823 2475 912 2535; x_wconf 87' lang='lat' dir='ltr'><em>erat</em></span> <span class='ocrx_word' id='word_1_138' title='bbox 934 2487 1047 2559; x_wconf 81' lang='lat' dir='ltr'><em>eqoas</em></span> <span class='ocrx_word' id='word_1_139' title='bbox 1064 2466 1192 2558; x_wconf 83' lang='lat' dir='ltr'><em>niger,</em></span> <span class='ocrx_word' id='word_1_140' title='bbox 1218 2455 1385 2558; x_wconf 81' lang='lat' dir='ltr'><em>magnus</em></span> <span class='ocrx_word' id='word_1_141' title='bbox 1412 2477 1450 2534; x_wconf 90' lang='lat' dir='ltr'><em>et</em></span> <span class='ocrx_word' id='word_1_142' title='bbox 1471 2465 1633 2535; x_wconf 86' lang='lat' dir='ltr'><em>eximius</em></span> <span class='ocrx_word' id='word_1_143' title='bbox 1656 2479 1694 2536; x_wconf 89' lang='lat' dir='ltr'><em>et</em></span> <span class='ocrx_word' id='word_1_144' title='bbox 1717 2465 1758 2536; x_wconf 87' lang='lat' dir='ltr'><em>in</em></span> 
     </span>
     <span class='ocr_line' id='line_1_17' title="bbox 143 2571 1759 2697; baseline -0.004 -23"><span class='ocrx_word' id='word_1_145' title='bbox 143 2599 316 2697; x_wconf 76' lang='lat' dir='ltr'><em>equariis</em></span> <span class='ocrx_word' id='word_1_146' title='bbox 333 2571 483 2691; x_wconf 82' lang='lat' dir='ltr'><em>pugnis</em></span> <span class='ocrx_word' id='word_1_147' title='bbox 508 2608 738 2690; x_wconf 76' lang='lat' dir='ltr'><em>expertus...</em></span> <span class='ocrx_word' id='word_1_148' title='bbox 771 2597 845 2666; x_wconf 90' lang='lat' dir='ltr'><em>Nil</em></span> <span class='ocrx_word' id='word_1_149' title='bbox 868 2598 915 2675; x_wconf 85' lang='lat' dir='ltr'><em>de</em></span> <span class='ocrx_word' id='word_1_150' title='bbox 940 2619 1073 2671; x_wconf 84' lang='lat' dir='ltr'><em>earum</em></span> <span class='ocrx_word' id='word_1_151' title='bbox 1103 2597 1241 2668; x_wconf 84' lang='lat' dir='ltr'><em>itinere</em></span> <span class='ocrx_word' id='word_1_152' title='bbox 1269 2610 1525 2669; x_wconf 84' lang='lat' dir='ltr'><em>memoratum</em></span> <span class='ocrx_word' id='word_1_153' title='bbox 1553 2611 1759 2692; x_wconf 79' lang='lat' dir='ltr'><em>anteqvam</em></span> 
     </span>
     <span class='ocr_line' id='line_1_18' title="bbox 142 2727 1759 2826; baseline -0.004 -21"><span class='ocrx_word' id='word_1_154' title='bbox 142 2731 423 2805; x_wconf 83' lang='lat' dir='ltr'><em>Kambsnesum</em></span> <span class='ocrx_word' id='word_1_155' title='bbox 437 2731 493 2800; x_wconf 83' lang='lat' dir='ltr'><em>ad</em></span> <span class='ocrx_word' id='word_1_156' title='bbox 515 2729 761 2822; x_wconf 76' lang='lat' dir='ltr'><em>Tltorleikum</em></span> <span class='ocrx_word' id='word_1_157' title='bbox 776 2729 974 2802; x_wconf 82' lang='lat' dir='ltr'><em>Hiiskuldi</em></span> <span class='ocrx_word' id='word_1_158' title='bbox 981 2729 1116 2821; x_wconf 86' lang='lat' dir='ltr'><em>filium</em></span> <span class='ocrx_word' id='word_1_159' title='bbox 1127 2732 1399 2826; x_wconf 82' lang='lat' dir='ltr'><em>pervenirent,-</em></span> <span class='ocrx_word' id='word_1_160' title='bbox 1427 2730 1472 2818; x_wconf 90' lang='lat' dir='ltr'><em>is,</em></span> <span class='ocrx_word' id='word_1_161' title='bbox 1499 2742 1541 2798; x_wconf 90' lang='lat' dir='ltr'><em>ut</em></span> <span class='ocrx_word' id='word_1_162' title='bbox 1558 2755 1667 2825; x_wconf 73' lang='lat' dir='ltr'><em>equos</em></span> <span class='ocrx_word' id='word_1_163' title='bbox 1686 2727 1759 2800; x_wconf 80' lang='lat' dir='ltr'><em>sibi</em></span> 
     </span>
     <span class='ocr_line' id='line_1_19' title="bbox 142 2831 1760 2958; baseline -0.005 -21"><span class='ocrx_word' id='word_1_164' title='bbox 142 2867 362 2954; x_wconf 75' lang='lat' dir='ltr'><em>venderent,</em></span> <span class='ocrx_word' id='word_1_165' title='bbox 383 2861 550 2956; x_wconf 80' lang='lat' dir='ltr'><em>rogavit,</em></span> <span class='ocrx_word' id='word_1_166' title='bbox 565 2831 878 2956; x_wconf 84' lang='lat' dir='ltr'><em>praestansenim</em></span> <span class='ocrx_word' id='word_1_167' title='bbox 889 2861 960 2930; x_wconf 84' lang='lat' dir='ltr'><em>hac</em></span> <span class='ocrx_word' id='word_1_168' title='bbox 970 2885 1049 2932; x_wconf 87' lang='lat' dir='ltr'><em>esse</em></span> <span class='ocrx_word' id='word_1_169' title='bbox 1058 2883 1364 2958; x_wconf 76' lang='lat' dir='ltr'><em>equorumgenus</em></span> <span class='ocrx_word' id='word_1_170' title='bbox 1374 2863 1569 2956; x_wconf 88' lang='lat' dir='ltr'><em>comperit.</em></span> <span class='ocrx_word' id='word_1_171' title='bbox 1595 2861 1760 2958; x_wconf 59' lang='lat' dir='ltr'><em>Kotlsel7</em></span> 
     </span>
     <span class='ocr_line' id='line_1_20' title="bbox 144 2991 1758 3088; baseline -0.004 -21"><span class='ocrx_word' id='word_1_172' title='bbox 144 2999 232 3067; x_wconf 87' lang='lat' dir='ltr'><em>lus:</em></span> <span class='ocrx_word' id='word_1_173' title='bbox 245 2994 372 3088; x_wconf 78' lang='lat' dir='ltr'><em>hujus,</em></span> <span class='ocrx_word' id='word_1_174' title='bbox 383 2993 515 3086; x_wconf 81' lang='lat' dir='ltr'><em>inqvit,</em></span> <span class='ocrx_word' id='word_1_175' title='bbox 526 2991 597 3059; x_wconf 83' lang='lat' dir='ltr'><em>tibi</em></span> <span class='ocrx_word' id='word_1_176' title='bbox 606 2993 682 3060; x_wconf 90' lang='lat' dir='ltr'><em>erit</em></span> <span class='ocrx_word' id='word_1_177' title='bbox 692 2993 749 3060; x_wconf 89' lang='lat' dir='ltr'><em>rei</em></span> <span class='ocrx_word' id='word_1_178' title='bbox 759 2993 950 3061; x_wconf 85' lang='lat' dir='ltr'><em>conditio:</em></span> <span class='ocrx_word' id='word_1_179' title='bbox 964 3017 1074 3086; x_wconf 82' lang='lat' dir='ltr'><em>eqvos</em></span> <span class='ocrx_word' id='word_1_180' title='bbox 1083 2993 1230 3085; x_wconf 81' lang='lat' dir='ltr'><em>qoidem</em></span> <span class='ocrx_word' id='word_1_181' title='bbox 1239 2995 1428 3088; x_wconf 82' lang='lat' dir='ltr'><em>accipias,</em></span> <span class='ocrx_word' id='word_1_182' title='bbox 1443 2993 1678 3063; x_wconf 79' lang='lat' dir='ltr'><em>miltiautem</em></span> <span class='ocrx_word' id='word_1_183' title='bbox 1689 2992 1758 3061; x_wconf 76' lang='lat' dir='ltr'><em>tibi</em></span> 
     </span>
     <span class='ocr_line' id='line_1_21' title="bbox 138 3121 1758 3218; baseline -0.003 -21"><span class='ocrx_word' id='word_1_184' title='bbox 138 3125 312 3203; x_wconf 78' lang='lat' dir='ltr'><em>vicinum</em></span> <span class='ocrx_word' id='word_1_185' title='bbox 329 3123 598 3194; x_wconf 77' lang='lat' dir='ltr'><em>habitaculum</em></span> <span class='ocrx_word' id='word_1_186' title='bbox 606 3121 797 3217; x_wconf 69' lang='lat' dir='ltr'><em>praebeas.</em></span> <span class='ocrx_word' id='word_1_187' title='bbox 828 3121 1055 3192; x_wconf 79' lang='lat' dir='ltr'><em>Tharleikus</em></span> <span class='ocrx_word' id='word_1_188' title='bbox 1067 3123 1188 3192; x_wconf 83' lang='lat' dir='ltr'><em>dixit:</em></span> <span class='ocrx_word' id='word_1_189' title='bbox 1213 3149 1338 3194; x_wconf 87' lang='lat' dir='ltr'><em>nonne</em></span> <span class='ocrx_word' id='word_1_190' title='bbox 1349 3137 1428 3193; x_wconf 91' lang='lat' dir='ltr'><em>tum</em></span> <span class='ocrx_word' id='word_1_191' title='bbox 1439 3125 1649 3218; x_wconf 73' lang='lat' dir='ltr'><em>equinimio</em></span> <span class='ocrx_word' id='word_1_192' title='bbox 1659 3146 1758 3215; x_wconf 88' lang='lat' dir='ltr'><em>pre-</em></span> 
     </span>
     <span class='ocr_line' id='line_1_22' title="bbox 143 3252 1759 3350; baseline -0.002 -22"><span class='ocrx_word' id='word_1_193' title='bbox 143 3259 201 3328; x_wconf 91' lang='lat' dir='ltr'><em>tio</em></span> <span class='ocrx_word' id='word_1_194' title='bbox 220 3253 484 3327; x_wconf 86' lang='lat' dir='ltr'><em>constabunt?</em></span> <span class='ocrx_word' id='word_1_195' title='bbox 506 3253 605 3324; x_wconf 81' lang='lat' dir='ltr'><em>milti</em></span> <span class='ocrx_word' id='word_1_196' title='bbox 627 3255 729 3324; x_wconf 88' lang='lat' dir='ltr'><em>enim</em></span> <span class='ocrx_word' id='word_1_197' title='bbox 751 3255 975 3324; x_wconf 85' lang='lat' dir='ltr'><em>nuntiatum</em></span> <span class='ocrx_word' id='word_1_198' title='bbox 997 3266 1073 3344; x_wconf 87' lang='lat' dir='ltr'><em>est,</em></span> <span class='ocrx_word' id='word_1_199' title='bbox 1098 3278 1165 3326; x_wconf 81' lang='lat' dir='ltr'><em>vos</em></span> <span class='ocrx_word' id='word_1_200' title='bbox 1183 3256 1224 3324; x_wconf 85' lang='lat' dir='ltr'><em>in</em></span> <span class='ocrx_word' id='word_1_201' title='bbox 1242 3252 1313 3325; x_wconf 74' lang='lat' dir='ltr'><em>hoc</em></span> <span class='ocrx_word' id='word_1_202' title='bbox 1328 3279 1436 3350; x_wconf 84' lang='lat' dir='ltr'><em>pago</em></span> <span class='ocrx_word' id='word_1_203' title='bbox 1455 3256 1500 3327; x_wconf 83' lang='lat' dir='ltr'><em>ab</em></span> <span class='ocrx_word' id='word_1_204' title='bbox 1515 3255 1641 3324; x_wconf 88' lang='lat' dir='ltr'><em>multa</em></span> <span class='ocrx_word' id='word_1_205' title='bbox 1659 3279 1759 3324; x_wconf 86' lang='lat' dir='ltr'><em>cau-</em></span> 
     </span>
    </p>
   </div>
   <div class='ocr_carea' id='block_1_8' title="bbox 143 3376 1888 3482">
    <p class='ocr_par' dir='ltr' id='par_1_8' title="bbox 143 3376 1888 3482">
     <span class='ocr_line' id='line_1_23' title="bbox 143 3376 1888 3482; baseline -0.003 -21"><span class='ocrx_word' id='word_1_206' title='bbox 143 3389 230 3461; x_wconf 90' lang='lat' dir='ltr'><em>sari</em></span> <span class='ocrx_word' id='word_1_207' title='bbox 248 3383 443 3458; x_wconf 83' lang='lat' dir='ltr'><em>crimina?</em></span> <span class='ocrx_word' id='word_1_208' title='bbox 466 3385 667 3467; x_wconf 81' lang='lat' dir='ltr'><em>Kotkillus</em></span> <span class='ocrx_word' id='word_1_209' title='bbox 682 3385 800 3456; x_wconf 80' lang='lat' dir='ltr'><em>dixit:</em></span> <span class='ocrx_word' id='word_1_210' title='bbox 831 3385 1304 3482; x_wconf 74' lang='lat' dir='ltr'><em>lzoecct&#39;risLaugensibus</em></span> <span class='ocrx_word' id='word_1_211' title='bbox 1323 3385 1549 3460; x_wconf 81' lang='lat' dir='ltr'><em>denunties?</em></span> <span class='ocrx_word' id='word_1_212' title='bbox 1579 3388 1615 3458; x_wconf 88' lang='lat' dir='ltr'><em>T</em></span> <span class='ocrx_word' id='word_1_213' title='bbox 1609 3386 1760 3458; x_wconf 74' lang='lat' dir='ltr'><em>nortei-</em></span> <span class='ocrx_word' id='word_1_214' title='bbox 1883 3376 1888 3389; x_wconf 80' lang='lat'>&#39;</span> 
     </span>
    </p>
   </div>
   <div class='ocr_carea' id='block_1_9' title="bbox 145 3508 1761 3879">
    <p class='ocr_par' dir='ltr' id='par_1_9' title="bbox 145 3508 1761 3879">
     <span class='ocr_line' id='line_1_24' title="bbox 146 3508 1760 3616; baseline -0.003 -23"><span class='ocrx_word' id='word_1_215' title='bbox 146 3525 217 3594; x_wconf 76' lang='lat' dir='ltr'><em>ius</em></span> <span class='ocrx_word' id='word_1_216' title='bbox 234 3547 274 3596; x_wconf 85' lang='lat' dir='ltr'><em>se</em></span> <span class='ocrx_word' id='word_1_217' title='bbox 292 3522 351 3590; x_wconf 82' lang='lat' dir='ltr'><em>ita</em></span> <span class='ocrx_word' id='word_1_218' title='bbox 355 3521 569 3612; x_wconf 86' lang='lat' dir='ltr'><em>facturum</em></span> <span class='ocrx_word' id='word_1_219' title='bbox 583 3517 804 3612; x_wconf 75' lang='lat' dir='ltr'><em>affirmarit.</em></span> <span class='ocrx_word' id='word_1_220' title='bbox 833 3508 1140 3609; x_wconf 80' lang='lat' dir='ltr'><em>[Katlcillins</em></span> <span class='ocrx_word' id='word_1_221' title='bbox 1172 3517 1546 3616; x_wconf 61' lang='lat' dir='ltr'><em>respondebam]</em></span> <span class='ocrx_word' id='word_1_222' title='bbox 1574 3543 1634 3592; x_wconf 86' lang='lat' dir='ltr'><em>res</em></span> <span class='ocrx_word' id='word_1_223' title='bbox 1658 3520 1760 3590; x_wconf 86' lang='lat' dir='ltr'><em>inter</em></span> 
     </span>
     <span class='ocr_line' id='line_1_25' title="bbox 145 3647 1759 3750; baseline -0.001 -28"><span class='ocrx_word' id='word_1_224' title='bbox 145 3677 205 3726; x_wconf 85' lang='lat' dir='ltr'><em>me</em></span> <span class='ocrx_word' id='word_1_225' title='bbox 224 3665 336 3748; x_wconf 79' lang='lat' dir='ltr'><em>atqve</em></span> <span class='ocrx_word' id='word_1_226' title='bbox 356 3653 589 3722; x_wconf 85' lang='lat' dir='ltr'><em>Gudrunam</em></span> <span class='ocrx_word' id='word_1_227' title='bbox 606 3651 754 3748; x_wconf 74' lang='lat' dir='ltr'><em>ejusque</em></span> <span class='ocrx_word' id='word_1_228' title='bbox 760 3649 921 3740; x_wconf 71' lang='lat' dir='ltr'><em>fratres</em></span> <span class='ocrx_word' id='word_1_229' title='bbox 943 3648 1064 3729; x_wconf 87' lang='lat' dir='ltr'><em>aliter</em></span> <span class='ocrx_word' id='word_1_230' title='bbox 1080 3673 1120 3720; x_wconf 88' lang='lat' dir='ltr'><em>se</em></span> <span class='ocrx_word' id='word_1_231' title='bbox 1143 3674 1239 3722; x_wconf 80' lang='lat' dir='ltr'><em>sane</em></span> <span class='ocrx_word' id='word_1_232' title='bbox 1263 3649 1408 3722; x_wconf 72' lang='lat' dir='ltr'><em>liabent</em></span> <span class='ocrx_word' id='word_1_233' title='bbox 1430 3665 1543 3750; x_wconf 81' lang='lat' dir='ltr'><em>atqve</em></span> <span class='ocrx_word' id='word_1_234' title='bbox 1566 3647 1637 3720; x_wconf 87' lang='lat' dir='ltr'><em>tibi</em></span> <span class='ocrx_word' id='word_1_235' title='bbox 1655 3673 1759 3720; x_wconf 89' lang='lat' dir='ltr'><em>nun-</em></span> 
     </span>
     <span class='ocr_line' id='line_1_26' title="bbox 149 3780 1761 3879; baseline -0.002 -23"><span class='ocrx_word' id='word_1_236' title='bbox 149 3785 397 3874; x_wconf 84' lang='lat' dir='ltr'><em>tiatum-est,</em></span> <span class='ocrx_word' id='word_1_237' title='bbox 435 3809 528 3855; x_wconf 89' lang='lat' dir='ltr'><em>nam</em></span> <span class='ocrx_word' id='word_1_238' title='bbox 549 3781 650 3852; x_wconf 79' lang='lat' dir='ltr'><em>mccli</em></span> <span class='ocrx_word' id='word_1_239' title='bbox 675 3784 722 3851; x_wconf 90' lang='lat' dir='ltr'><em>de</em></span> <span class='ocrx_word' id='word_1_240' title='bbox 750 3780 860 3850; x_wconf 83' lang='lat' dir='ltr'><em>nobis</em></span> <span class='ocrx_word' id='word_1_241' title='bbox 883 3803 1055 3851; x_wconf 88' lang='lat' dir='ltr'><em>rumores</em></span> <span class='ocrx_word' id='word_1_242' title='bbox 1080 3783 1276 3878; x_wconf 84' lang='lat' dir='ltr'><em>divulgati</em></span> <span class='ocrx_word' id='word_1_243' title='bbox 1292 3785 1375 3854; x_wconf 87' lang='lat' dir='ltr'><em>sine</em></span> <span class='ocrx_word' id='word_1_244' title='bbox 1393 3809 1513 3854; x_wconf 91' lang='lat' dir='ltr'><em>causa</em></span> <span class='ocrx_word' id='word_1_245' title='bbox 1522 3811 1536 3874; x_wconf 93' lang='lat'><em>,·</em></span> <span class='ocrx_word' id='word_1_246' title='bbox 1564 3785 1654 3879; x_wconf 82' lang='lat' dir='ltr'><em>jam</em></span> <span class='ocrx_word' id='word_1_247' title='bbox 1672 3805 1761 3856; x_wconf 78' lang='lat' dir='ltr'><em>aera</em></span> 
     </span>
    </p>
   </div>
   <div class='ocr_carea' id='block_1_10' title="bbox 147 3913 1889 4011">
    <p class='ocr_par' dir='ltr' id='par_1_10' title="bbox 147 3913 1889 4011">
     <span class='ocr_line' id='line_1_27' title="bbox 147 3913 1889 4011; baseline -0.001 -22"><span class='ocrx_word' id='word_1_248' title='bbox 147 3917 294 3989; x_wconf 80' lang='lat' dir='ltr'><em>harum</em></span> <span class='ocrx_word' id='word_1_249' title='bbox 312 3941 438 3988; x_wconf 83' lang='lat' dir='ltr'><em>rerum</em></span> <span class='ocrx_word' id='word_1_250' title='bbox 455 3938 572 3986; x_wconf 90' lang='lat' dir='ltr'><em>curas</em></span> <span class='ocrx_word' id='word_1_251' title='bbox 588 3913 721 3984; x_wconf 88' lang='lat' dir='ltr'><em>omitte</em></span> <span class='ocrx_word' id='word_1_252' title='bbox 737 3924 850 4006; x_wconf 78' lang='lat' dir='ltr'><em>atqve</em></span> <span class='ocrx_word' id='word_1_253' title='bbox 867 3935 980 4006; x_wconf 78' lang='lat' dir='ltr'><em>equos</em></span> <span class='ocrx_word' id='word_1_254' title='bbox 999 3913 1154 4006; x_wconf 85' lang='lat' dir='ltr'><em>accipe,</em></span> <span class='ocrx_word' id='word_1_255' title='bbox 1191 3926 1228 3983; x_wconf 90' lang='lat' dir='ltr'><em>et</em></span> <span class='ocrx_word' id='word_1_256' title='bbox 1255 3915 1351 3984; x_wconf 86' lang='lat' dir='ltr'><em>talis</em></span> <span class='ocrx_word' id='word_1_257' title='bbox 1374 3917 1523 4011; x_wconf 72' lang='lat' dir='ltr'><em>quidem</em></span> <span class='ocrx_word' id='word_1_258' title='bbox 1552 3928 1620 3986; x_wconf 90' lang='lat' dir='ltr'><em>tua</em></span> <span class='ocrx_word' id='word_1_259' title='bbox 1638 3915 1760 4007; x_wconf 89' lang='lat' dir='ltr'><em>fama</em></span> <span class='ocrx_word' id='word_1_260' title='bbox 1882 3971 1889 3988; x_wconf 84' lang='lat'><strong>.</strong></span> 
     </span>
    </p>
   </div>
   <div class='ocr_carea' id='block_1_11' title="bbox 149 4043 1766 5046">
    <p class='ocr_par' dir='ltr' id='par_1_11' title="bbox 149 4043 1766 5046">
     <span class='ocr_line' id='line_1_28' title="bbox 149 4043 1764 4146; baseline -0.005 -24"><span class='ocrx_word' id='word_1_261' title='bbox 149 4061 228 4137; x_wconf 89' lang='lat' dir='ltr'><em>est,</em></span> <span class='ocrx_word' id='word_1_262' title='bbox 267 4061 313 4119; x_wconf 93' lang='lat' dir='ltr'><em>ut</em></span> <span class='ocrx_word' id='word_1_263' title='bbox 338 4049 453 4146; x_wconf 79' lang='lat' dir='ltr'><em>liujus</em></span> <span class='ocrx_word' id='word_1_264' title='bbox 471 4047 574 4144; x_wconf 82' lang='lat' dir='ltr'><em>pagi</em></span> <span class='ocrx_word' id='word_1_265' title='bbox 594 4045 699 4116; x_wconf 79' lang='lat' dir='ltr'><em>ciros</em></span> <span class='ocrx_word' id='word_1_266' title='bbox 716 4067 865 4139; x_wconf 88' lang='lat' dir='ltr'><em>parum</em></span> <span class='ocrx_word' id='word_1_267' title='bbox 890 4043 999 4114; x_wconf 80' lang='lat' dir='ltr'><em>nobis</em></span> <span class='ocrx_word' id='word_1_268' title='bbox 1018 4045 1204 4114; x_wconf 86' lang='lat' dir='ltr'><em>damnum</em></span> <span class='ocrx_word' id='word_1_269' title='bbox 1227 4045 1413 4118; x_wconf 84' lang='lat' dir='ltr'><em>illaturos</em></span> <span class='ocrx_word' id='word_1_270' title='bbox 1432 4047 1690 4142; x_wconf 86' lang='lat' dir='ltr'><em>confidamus,</em></span> <span class='ocrx_word' id='word_1_271' title='bbox 1728 4046 1764 4114; x_wconf 91' lang='lat' dir='ltr'><em>si</em></span> 
     </span>
     <span class='ocr_line' id='line_1_29' title="bbox 150 4175 1763 4276; baseline 0.001 -27"><span class='ocrx_word' id='word_1_272' title='bbox 150 4193 216 4252; x_wconf 89' lang='lat' dir='ltr'><em>tuo</em></span> <span class='ocrx_word' id='word_1_273' title='bbox 232 4182 408 4252; x_wconf 86' lang='lat' dir='ltr'><em>nitamur</em></span> <span class='ocrx_word' id='word_1_274' title='bbox 424 4181 588 4252; x_wconf 82' lang='lat' dir='ltr'><em>auxilio.</em></span> <span class='ocrx_word' id='word_1_275' title='bbox 646 4175 872 4248; x_wconf 81' lang='lat' dir='ltr'><em>Tltorleilsus</em></span> <span class='ocrx_word' id='word_1_276' title='bbox 888 4175 964 4245; x_wconf 84' lang='lat' dir='ltr'><em>lzac</em></span> <span class='ocrx_word' id='word_1_277' title='bbox 982 4197 1023 4248; x_wconf 84' lang='lat' dir='ltr'><em>re</em></span> <span class='ocrx_word' id='word_1_278' title='bbox 1037 4175 1221 4247; x_wconf 77' lang='lat' dir='ltr'><em>nonnihil</em></span> <span class='ocrx_word' id='word_1_279' title='bbox 1239 4180 1481 4265; x_wconf 84' lang='lat' dir='ltr'><em>commoveri,</em></span> <span class='ocrx_word' id='word_1_280' title='bbox 1514 4201 1763 4276; x_wconf 78' lang='lat' dir='ltr'><em>eqoorumqoe</em></span> 
     </span>
     <span class='ocr_line' id='line_1_30' title="bbox 149 4287 1763 4410; baseline -0.002 -25"><span class='ocrx_word' id='word_1_281' title='bbox 149 4315 346 4386; x_wconf 86' lang='lat' dir='ltr'><em>admirari</em></span> <span class='ocrx_word' id='word_1_282' title='bbox 373 4311 723 4410; x_wconf 73' lang='lat' dir='ltr'><em>pulchritudinem.</em></span> <span class='ocrx_word' id='word_1_283' title='bbox 782 4308 987 4379; x_wconf 85' lang='lat' dir='ltr'><em>Kotkellus</em></span> <span class='ocrx_word' id='word_1_284' title='bbox 1018 4317 1149 4377; x_wconf 89' lang='lat' dir='ltr'><em>autem</em></span> <span class='ocrx_word' id='word_1_285' title='bbox 1182 4311 1309 4380; x_wconf 90' lang='lat' dir='ltr'><em>multa</em></span> <span class='ocrx_word' id='word_1_286' title='bbox 1346 4333 1431 4381; x_wconf 87' lang='lat' dir='ltr'><em>cum</em></span> <span class='ocrx_word' id='word_1_287' title='bbox 1468 4313 1621 4383; x_wconf 87' lang='lat' dir='ltr'><em>astutia</em></span> <span class='ocrx_word' id='word_1_288' title='bbox 1651 4287 1763 4382; x_wconf 85' lang='lat' dir='ltr'><em>suam</em></span> 
     </span>
     <span class='ocr_line' id='line_1_31' title="bbox 151 4440 1763 4541; baseline -0.001 -25"><span class='ocrx_word' id='word_1_289' title='bbox 151 4469 311 4518; x_wconf 86' lang='lat' dir='ltr'><em>causam</em></span> <span class='ocrx_word' id='word_1_290' title='bbox 329 4471 455 4541; x_wconf 82' lang='lat' dir='ltr'><em>agere.</em></span> <span class='ocrx_word' id='word_1_291' title='bbox 512 4441 740 4515; x_wconf 79' lang='lat' dir='ltr'><em>Tltarleikus</em></span> <span class='ocrx_word' id='word_1_292' title='bbox 771 4440 898 4536; x_wconf 72' lang='lat' dir='ltr'><em>itaque</em></span> <span class='ocrx_word' id='word_1_293' title='bbox 916 4441 1018 4536; x_wconf 72' lang='lat' dir='ltr'><em>equis</em></span> <span class='ocrx_word' id='word_1_294' title='bbox 1040 4441 1213 4533; x_wconf 90' lang='lat' dir='ltr'><em>acceptis</em></span> <span class='ocrx_word' id='word_1_295' title='bbox 1233 4443 1520 4534; x_wconf 72' lang='lat' dir='ltr'><em>Leidolsaadis</em></span> <span class='ocrx_word' id='word_1_296' title='bbox 1542 4447 1582 4518; x_wconf 89' lang='lat' dir='ltr'><em>in</em></span> <span class='ocrx_word' id='word_1_297' title='bbox 1598 4447 1763 4516; x_wconf 74' lang='lat' dir='ltr'><em>Lauar-</em></span> 
     </span>
     <span class='ocr_line' id='line_1_32' title="bbox 153 4571 1761 4669; baseline -0.002 -21"><span class='ocrx_word' id='word_1_298' title='bbox 153 4581 246 4652; x_wconf 89' lang='lat' dir='ltr'><em>dala</em></span> <span class='ocrx_word' id='word_1_299' title='bbox 264 4581 348 4652; x_wconf 82' lang='lat' dir='ltr'><em>illis</em></span> <span class='ocrx_word' id='word_1_300' title='bbox 364 4577 632 4664; x_wconf 75' lang='lat' dir='ltr'><em>habitaculum</em></span> <span class='ocrx_word' id='word_1_301' title='bbox 645 4571 833 4669; x_wconf 63' lang='lat' dir='ltr'><em>praebuit,</em></span> <span class='ocrx_word' id='word_1_302' title='bbox 859 4573 1043 4669; x_wconf 81' lang='lat' dir='ltr'><em>simulqoe</em></span> <span class='ocrx_word' id='word_1_303' title='bbox 1055 4595 1202 4667; x_wconf 87' lang='lat' dir='ltr'><em>pecora</em></span> <span class='ocrx_word' id='word_1_304' title='bbox 1221 4578 1278 4647; x_wconf 88' lang='lat' dir='ltr'><em>rei</em></span> <span class='ocrx_word' id='word_1_305' title='bbox 1296 4578 1514 4648; x_wconf 82' lang='lat' dir='ltr'><em>domesticae</em></span> <span class='ocrx_word' id='word_1_306' title='bbox 1528 4577 1761 4652; x_wconf 85' lang='lat' dir='ltr'><em>necessaria.</em></span> 
     </span>
     <span class='ocr_line' id='line_1_33' title="bbox 154 4705 1763 4808; baseline -0.013 -23"><span class='ocrx_word' id='word_1_307' title='bbox 154 4713 245 4785; x_wconf 87' lang='lat' dir='ltr'><em>Viri</em></span> <span class='ocrx_word' id='word_1_308' title='bbox 260 4715 499 4808; x_wconf 84' lang='lat' dir='ltr'><em>Langenses,</em></span> <span class='ocrx_word' id='word_1_309' title='bbox 522 4709 609 4778; x_wconf 87' lang='lat' dir='ltr'><em>istis</em></span> <span class='ocrx_word' id='word_1_310' title='bbox 636 4705 855 4798; x_wconf 80' lang='lat' dir='ltr'><em>compertis,</em></span> <span class='ocrx_word' id='word_1_311' title='bbox 870 4705 1094 4774; x_wconf 81' lang='lat' dir='ltr'><em>Kotkellum</em></span> <span class='ocrx_word' id='word_1_312' title='bbox 1110 4719 1223 4803; x_wconf 82' lang='lat' dir='ltr'><em>atqve</em></span> <span class='ocrx_word' id='word_1_313' title='bbox 1245 4710 1355 4782; x_wconf 88' lang='lat' dir='ltr'><em>illius</em></span> <span class='ocrx_word' id='word_1_314' title='bbox 1364 4709 1478 4804; x_wconf 86' lang='lat' dir='ltr'><em>filios</em></span> <span class='ocrx_word' id='word_1_315' title='bbox 1497 4712 1660 4808; x_wconf 79' lang='lat' dir='ltr'><em>aggredi</em></span> <span class='ocrx_word' id='word_1_316' title='bbox 1676 4720 1763 4778; x_wconf 69' lang='lat' dir='ltr'><em>sta.</em></span> 
     </span>
     <span class='ocr_line' id='line_1_34' title="bbox 153 4836 1766 4942; baseline 0 -30"><span class='ocrx_word' id='word_1_317' title='bbox 153 4843 323 4914; x_wconf 74' lang='lat' dir='ltr'><em>luebant.</em></span> <span class='ocrx_word' id='word_1_318' title='bbox 382 4841 542 4914; x_wconf 79' lang='lat' dir='ltr'><em>Osoious</em></span> <span class='ocrx_word' id='word_1_319' title='bbox 564 4839 684 4909; x_wconf 80' lang='lat' dir='ltr'><em>dixit:</em></span> <span class='ocrx_word' id='word_1_320' title='bbox 726 4836 1155 4932; x_wconf 82' lang='lat' dir='ltr'><em>SnorronisPontificis</em></span> <span class='ocrx_word' id='word_1_321' title='bbox 1182 4842 1391 4942; x_wconf 85' lang='lat' dir='ltr'><em>consiliam</em></span> <span class='ocrx_word' id='word_1_322' title='bbox 1417 4857 1623 4940; x_wconf 78' lang='lat' dir='ltr'><em>seqoentes,</em></span> <span class='ocrx_word' id='word_1_323' title='bbox 1663 4839 1766 4910; x_wconf 78' lang='lat' dir='ltr'><em>hanc</em></span> 
     </span>
     <span class='ocr_line' id='line_1_35' title="bbox 1538 4977 1574 5046; baseline 0 0"><span class='ocrx_word' id='word_1_324' title='bbox 1538 4977 1574 5046; x_wconf 85' lang='grc' dir='ltr'><strong>Τ</strong></span> 
     </span>
    </p>
   </div>
   <div class='ocr_carea' id='block_1_12' title="bbox 0 0 2319 5828">
    <p class='ocr_par' dir='ltr' id='par_1_12' title="bbox 0 0 2319 5828">
     <span class='ocr_line' id='line_1_36' title="bbox 0 0 2319 5828; baseline 0 0"><span class='ocrx_word' id='word_1_325' title='bbox 0 0 2319 5828; x_wconf 95' lang='lat' dir='ltr'><em> </em></span> 
     </span>
    </p>
   </div>
  </div>
 </body>
</html>
