4636 5832
949 459 1009 551 45

874 567 1087 582 *ιι-.-

167 715 239 784 clus
263 695 393 784 autem
417 707 572 802 inficias
597 708 653 782 ire
675 703 712 780 8<
738 710 946 806 Ingjalclus
969 723 1106 780 contro
1127 733 1285 806 rogare,
1322 737 1369 783 ne
1399 715 1617 811 denegaret.
1670 727 1779 797 Pocss

167 832 311 916 tionem
338 842 467 941 inquit
487 843 625 936 potius
646 841 843 913 ineamus:
886 855 928 914 tu
957 843 1054 912 milti
1076 846 1216 914 troclas
1237 844 1429 918 hominem
1452 875 1519 920 nec
1538 854 1664 924 ullam
1675 883 1777 952 per.

164 977 301 1048 libeas
315 975 535 1046 molestiam
542 1000 557 1066 ,·
590 1001 615 1044 a
632 998 691 1044 me
713 999 803 1046 vero
820 988 898 1046 tres
915 977 1005 1066 jam
1029 999 1186 1045 marcos
1212 959 1368 1072 argenti
1390 983 1525 1078 accipe
1541 999 1655 1083 atqve
1677 991 1777 1064 leole

165 1107 255 1196 tibi,
283 1109 339 1179 sic
354 1109 474 1181 etiam
489 1109 609 1178 simul
621 1109 803 1202 impetres
820 1108 975 1180 veniam
988 1110 1127 1202 culpae,
1152 1133 1266 1202 qvam
1282 1111 1323 1179 in
1338 1137 1398 1183 me
1415 1118 1641 1214 commisisti
1656 1126 1776 1194 auxi-

166 1243 220 1311 lio
253 1241 338 1312 loto
367 1241 564 1332 Tltorolfo.
644 1242 739 1311 Tum
774 1243 952 1312 Tltorclus
987 1242 1196 1332 splendore
1230 1245 1385 1337 argenti
1419 1250 1532 1340 capi,
1574 1264 1612 1321 et
1643 1255 1777 1328 laetari

158 1373 366 1466 promissa
390 1373 502 1443 venio
535 1369 681 1467 culpoess
736 1399 850 1469 qoam
883 1373 957 1442 sibi
982 1373 1163 1466 pecunias
1187 1375 1393 1469 jacturam
1419 1377 1627 1454 illaturam
1653 1403 1772 1461 antea

164 1505 315 1576 veritus
339 1517 457 1592 esset,·
487 1505 649 1600 jamque
681 1507 859 1577 Thordus
886 1503 1192 1598 ito'res'porulit:
1232 1507 1320 1576 Hoc
1343 1522 1519 1582 nostrum
1542 1517 1775 1613 colloquium

164 1636 264 1706 milri
292 1653 386 1718 sane
407 1637 579 1716 oliorum
609 1637 808 1708 hominum
841 1651 1073 1710 contemtum
1102 1640 1277 1728 inducet,
1327 1664 1460 1712 rerum
1487 1657 1617 1718 tamen
1633 1655 1773 1742 pactio

165 1767 250 1838 tzaec
269 1767 373 1858 inter
392 1793 462 1844 nos
480 1784 575 1870 rata,
595 1771 680 1874 erit.
738 1771 886 1842 Deinde
902 1773 1070 1842 multam
1085 1783 1245 1864 partem
1263 1774 1387 1844 noctis
1405 1775 1607 1872 cubatum,
1634 1809 1774 1881 usqre-

166 1902 256 1971 clum
271 1903 326 1972 acl
342 1901 473 1997 lucem,
490 1917 618 1981 tamen
639 1903 890 2000 aliquantum
913 1905 1097 2000 temporis
1124 1918 1349 1998 superesset.

836 2109 963 2196 CAP.
998 2111 1103 2196 XV.

372 2265 478 2373 Tum
503 2302 820 2398 veroIngjalelus
845 2305 1032 2374 cuiusuis
1059 2303 1248 2394 surrexit5
1284 2305 1451 2400 Vigtlisa
1480 2326 1610 2384 autem
1647 2317 1776 2391 Tlior-'

167 2433 257 2504 tium
284 2433 468 2528 rogabat,
499 2437 593 2532 qvid
613 2437 676 2505 illi
690 2439 874 2530 proximo
892 2461 1048 2532 vespere
1076 2461 1161 2507 cum
1188 2439 1373 2538 Ingjalflo
1400 2443 1583 2538 colloquii
1596 2447 1775 2538 suisset?

162 2567 242 2636 Ille
257 2568 384 2637 multo
404 2567 554 2640 locutos
570 2567 785 2662 affirmavit
800 2567 1002 2666 &quidem
1016 2573 1236 2674 convenisse
1256 2573 1359 2642 inter
1377 2597 1440 2644 eos
1447 2625 1460 2664 ,
1487 2576 1774 2670 inquisitionem

161 2700 466 2788 instituendam,
502 2725 541 2770 se
559 2715 792 2814 autemeam
813 2727 932 2774 uxore
958 2729 983 2772 a
1002 2728 1142 2773 caussa
1171 2705 1376 2776 immunem
1382 2707 1488 2799 sore,
1505 2711 1540 2779 si
1564 2711 1774 2808 Tliorolfus

160 2831 305 2900 ibidem
316 2855 391 2902 non
401 2831 640 2903 inveniretur
647 2858 661 2923 ,·
683 2836 854 2928 jamque,
881 2835 1017 2928 inqoit,
1033 2860 1185 2906 servum
1204 2837 1440 2934 Asgauturn,
1471 2842 1664 2916 hominem
1681 2851 1773 2924 irinc

158 2961 354 3031 abducere
363 2963 476 3052 jussi.
535 2965 702 3056 Vigclisa
721 2967 841 3033 dixit:
884 2969 1089 3034 mendacia
1111 2967 1185 3035 sili
1203 2993 1353 3062 porum
1365 2971 1582 3064 placere&
1601 2980 1774 3090 iniquum

159 3092 310 3177 videri,
354 3093 455 3184 qood
484 3093 693 3186 Ingjalclus
718 3094 758 3161 in
790 3091 975 3162 cubiculis
1009 3097 1091 3163 suis
1132 3099 1377 3189 explorando
1403 3105 1664 3200 discursores,
1707 3123 1774 3190 sed

99 3293 100 3296 ,
162 3219 298 3296 tamen
313 3221 430 3313 hujus
446 3223 503 3292 rei
524 3222 587 3292 illi
604 3235 843 3316 potestatem
860 3223 980 3314 secit3
1015 3227 1225 3321 lngjuldus
1253 3253 1342 3300 vero
1367 3236 1592 3325 exploravit
1617 3267 1684 3312 nec
1707 3250 1773 3318 in-

161 3355 486 3431 venitltominem.
544 3353 689 3424 Eodem
713 3367 884 3446 tempore
909 3357 1127 3427 redeuntem
1155 3359 1380 3460 Asgoutum
1409 3369 1568 3459 rogarit
1586 3377 1772 3470 Vigcliso:

164 3491 230 3564 ubi
269 3511 295 3564 a
333 3485 521 3576 letolfo
558 3487 822 3559 discessisset?
885 3488 1092 3583 Asgoutus
1129 3493 1351 3586 respondit:
1416 3496 1632 3576 Secundum
1652 3513 1771 3604 jussa

149 3621 316 3696 ,Tlt'ordi
336 3619 392 3687 acl
413 3617 534 3688 ovilia
565 3631 702 3690 nostro
732 3645 817 3690 eum
847 3623 1026 3692 conduxi.
1102 3625 1423 3720 Vigdisn'clixit:
1466 3641 1644 3730 numqris
1665 3646 1772 3720 locus

161 3755 333 3852 propior
363 3775 442 3820 esse
469 3763 603 3844 potest
641 3753 715 3822 νέω
746 3752 943 3849 Ingjalcli‚
993 3759 1048 3825 acl
1082 3757 1216 3828 navim
1252 3761 1477 3832 redeuntis?
1533 3769 1663 3866 Neqre
1700 3779 1772 3852 lzoc

161 3884 471 3986 periclitandum
495 3897 571 3974 est,
605 3897 737 3954 utrum'
752 3887 823 3956 ltoc
839 3887 1043 3956 consilium
1061 3889 1164 3994 iuter
1181 3913 1244 3958 eos
1264 3892 1471 3966 novissimo
1498 3923 1654 3992 vespere
1676 3933 1770 3983 ροη-

163 4021 352 4105 renisset5
378 4015 515 4108 placet
537 4005 685 4111 ita'qoe‚
720 4030 764 4086 ut
791 4019 928 4088 recleas
954 4043 1108 4114 eumque
1137 4043 1184 4089 ex
1198 4046 1241 4090 eo
1260 4024 1344 4094 loco
1360 4052 1474 4130 qoam
1495 4033 1678 4109 citissime
1696 4045 1772 4114 ab·
1845 4089 1848 4094 -

164 4155 296 4225 ducas.
352 4147 647 4220 Duclrominem
662 4149 937 4240 Snudafellum
962 4152 1017 4220 acl
1036 4151 1287 4243 Thorolsum5
1320 4159 1354 4226 si
1372 4158 1455 4230 lzaec
1475 4167 1770 4257 meajussoex.

164 4308 336 4384 morere,
369 4283 444 4353 erit
471 4281 541 4351 tibi
561 4277 744 4377 ⁴quosdam
765 4285 1047 4364 remuneratio;
1081 4286 1121 4354 in
1143 4285 1363 4358 libertatem
1387 4304 1424 4361 te
1454 4295 1660 4374 vindicabo
1676 4321 1771 4383 ton..

141 4419 151 4488 s
165 4433 317 4515 tamqve
343 4415 495 4488 donabo
512 4416 739 4510 pecuniam,
775 4427 819 4484 ut
851 4416 977 4488 ulicis
998 4417 1172 4488 locorum
1199 4431 1235 4490 te
1258 4435 1479 4497 sustentare
1501 4453 1626 4524 queas.
1686 4445 1772 4515 As.

163 4563 308 4646 gautus
327 4575 409 4621 sese
431 4550 490 4621 uti
496 4549 620 4645 jussit
627 4549 835 4640 sas-turum
847 4551 1095 4644 promittens,
1116 4552 1173 4621 ad
1197 4554 1319 4626 ovilio
1343 4559 1472 4650 rediit,
1503 4579 1618 4663 atqve
1632 4598 1772 4654 conve.

164 4686 226 4754 πῆ
248 4683 497 4776 Thorotfam,
535 4681 741 4776 statimque
764 4680 853 4751 inde
876 4683 1064 4778 aufugere
1089 4683 1255 4773 jubebat.
1321 4691 1465 4763 Eodem
1497 4709 1667 4794 tempore
1699 4713 1773 4782 In-
1855 4659 1862 4674 ·

161 4818 322 4911 gjolclus
340 4840 366 4884 a
382 4815 653 4919 Goddastaclis
673 4837 765 4909 eqvo
792 4828 942 4901 vectus,
965 4821 1137 4912 ‘argenti
1158 4823 1333 4913 pretium
1362 4850 1552 4922 occupare
1573 4841 1771 4938 cogitavit,

165 4973 296 5022 rerum
313 4951 484 5044 paulum
505 4974 532 5019 a
558 4948 657 5021 oilla
677 4971 911 5046 progressus
930 4952 1007 5024 cluo
1038 4951 1112 5024 sili
1137 4949 1290 5026 obviam
1312 4956 1368 5026 ire
1389 4959 1563 5034 nomines
1584 4971 1772 5048 anitenti-
