4612 5832
860 473 1070 600 ,Ψ-

152 748 312 802 caueam
330 723 427 796 aliie
442 722 717 820 rilinqcmmnr,
738 723 843 797 brevi
852 724 953 796 enirn
962 723 1135 794 Kotkelli
1148 719 1297 793 accolae
1310 730 1478 794 recentet
1493 745 1578 794 cum
1594 723 1664 795 illo
1679 728 1767 799 lites

150 852 486 937 nanciscentur&
511 857 601 928 inde
623 856 770 950 qvidem
791 856 1019 962 Tltorleilcue
1039 853 1169 952 (ltaucl
1185 851 1527 950 canen-immerito),
1552 829 1775 948 maximnm

151 997 335 1068 damnum
350 989 497 1087 capiet,
519 987 703 1084 multiqce
721 988 834 1060 illum
855 989 935 1058 cito
954 990 1130 1060 deserent
1147 988 1276 1077 amici,
1296 988 1357 1084 qvi
1371 999 1491 1079 antea
1510 991 1683 1060 stallium
1701 991 1765 1061 illi
1783 1015 1785 1020 ·

150 1135 362 1199 natarunt.
391 1123 469 1193 Sed
476 1132 606 1194 tamen
616 1119 727 1190 nulla
735 1119 849 1191 mcclc
857 1143 923 1191 coe
932 1118 1137 1190 dehortari
1151 1120 1331 1211 conabor,
1349 1145 1395 1192 ne
1407 1121 1531 1190 tantis
1539 1123 1764 1194 Kotlrellcm

149 1259 300 1354 ‹ry'ucqee
307 1253 517 1350 familiam
535 1251 655 1324 malie
668 1249 889 1346 adficiatic,
923 1251 1081 1346 qvantie
1096 1247 1202 1322 vobis
1217 1245 1340 1341 lubet,
1367 1251 1402 1322 ci
1418 1256 1527 1322 intra
1544 1265 1622 1322 trec
1636 1277 1762 1324 annae

148 1389 254 1462 nulli
270 1387 346 1459 alii
364 1412 426 1460 ecc
443 1397 634 1481 autpago
653 1384 876 1479 expulerint
890 1395 963 1452 aut
979 1381 1134 1454 omnino
1151 1381 1429 1472 interfecerint.
1484 1385 1676 1456 Gudruna
1694 1399 1763 1457 at-

148 1545 219 1618 qve
236 1519 347 1591 illinc
359 1519 513 1612 fratres
537 1541 576 1588 ce
597 1518 662 1588 illi
685 1517 790 1588 dicto
806 1516 1010 1588 audientee
1025 1516 1121 1607 sore
1136 1514 1416 1608 promiserunt.
1467 1515 1672 1586 Kctkelluc
1689 1521 1764 1590 da-

146 1652 319 1722 mecticic
340 1649 521 1746 operibus
546 1649 658 1720 caue
680 1651 849 1720 multam
877 1650 1025 1745 qvidern
1050 1670 1185 1718 curam
1209 1647 1462 1741 imponam,-
1487 1669 1564 1741 per
1588 1648 1762 1742 hyemem

149 1797 279 1856 tamen
297 1807 365 1856 nec
379 1781 532 1879 pabulo
551 1805 619 1854 nec
636 1780 798 1852 cibariis
817 1782 987 1852 emendis
1006 1803 1105 1874 opus
1124 1779 1275 1852 habuit.
1306 1778 1462 1849 Incisae
1478 1780 1626 1874 qvidem
1645 1805 1762 1853 acco·-

149 1917 218 2004 lir,
245 1928 376 2022 tamen
398 1913 597 1988 Thorleilci
613 1936 755 1986 cancta
771 1935 881 1984 nemo
898 1935 1018 1984 aucae
1034 1923 1093 1984 ect
1106 1911 1232 1981 ullam
1248 1911 1284 1982 ei
1297 1909 1517 1982 molestiam
1536 1912 1690 2004 inferre.

663 2103 668 2116 ’
749 2150 880 2240 cte.
904 2147 1154 2242 xxxva.

345 2275 401 2383 In
417 2310 585 2382 comitiis
600 2309 792 2406 publicis,
834 2314 1001 2410 qcadam
1025 2319 1164 2383 astate
1188 2305 1346 2398 accidit,
1369 2331 1453 2380 cum
1476 2307 1701 2382 lecrleilas
1720 2311 1761 2383 in

143 2467 218 2515 cuo
237 2443 453 2515 consideret
475 2443 740 2534 tabernaculo,
750 2457 794 2516 ut
808 2467 963 2540 magna
976 2454 1144 2514 statura
1160 2441 1319 2539 qnidam
1337 2439 1450 2513 ltomo
1466 2425 1762 2516 tabernaculum

144 2575 329 2648 intraret.
381 2575 425 2646 I'r
448 2573 695 2649 Tlrorleilum
714 2576 943 2670 salutabat,
985 2575 1053 2649 ille
1072 2587 1203 2646 autem
1224 2574 1373 2669 excepit
1395 2575 1675 2648 salutationem
1693 2602 1763 2647 ra-

140 2709 344 2806 gavitque,
370 2708 436 2803 qvi
453 2705 566 2780 noma
584 2707 712 2782 ercet?
739 2711 917 2806 Qccdqve
936 2709 1002 2780 illt
1016 2703 1183 2780 nomen?
1207 2706 1519 2802 IlleEldgrimue
1536 2705 1610 2778 eibi
1625 2731 1761 2780 namen

139 2839 424 2936 profitebatur,
449 2839 721 2912 habitaculum
741 2853 873 2912 autem
897 2841 940 2912 in
958 2841 1058 2914 villa
1073 2839 1365 2936 Eldgrimetadi
1379 2852 1540 2925 vocata,
1566 2864 1612 2911 ea
1631 2853 1761 2912 cutem

143 2973 251 3047 villa
274 2971 354 3039 cita
380 2981 440 3039 ert
466 2971 507 3038 in
530 2969 648 3058 calli,
697 2995 781 3067 qvoe
803 2994 937 3043 versut
963 2971 1197 3042 occidentem
1219 2972 1322 3040 inter
1340 2969 1497 3072 Malum
1523 2985 1638 3068 atqve
1663 2975 1761 3044 Gri-

36 3095 40 3110 ’
145 3112 386 3195 sartangam
402 3099 443 3170 in
463 3112 611 3172 montet
627 3101 820 3194 flectitur.
875 3101 918 3172 V
914 3100 991 3169 alli
994 3101 1086 3195 jam
1102 3101 1323 3170 Grimedali
1338 3124 1486 3172 namen.
1535 3105 1762 3172 Tlrcrleikns

146 3232 268 3304 dixit:
299 3229 468 3301 Tantum
479 3255 573 3301 eane
585 3231 631 3302 de
641 3243 678 3302 te
687 3232 922 3317 audicimus,
948 3242 1039 3302 ulte
1058 3229 1276 3304 cirumecce
1292 3230 1404 3301 haut
1420 3231 1565 3327 qvidem
1580 3235 1761 3327 pusilla-

147 3365 290 3440 nimem
309 3373 548 3456 compertum
571 3361 795 3434 habeamus.
853 3353 1229 3456 Eldgrimaediait:
1265 3361 1366 3434 Eam
1394 3361 1439 3434 cb
1463 3387 1624 3436 caucam
1647 3366 1703 3437 acl
1725 3377 1761 3436 te

145 3496 253 3582 aeni,
288 3497 387 3592 qaod
405 3495 564 3566 eximior
581 3495 672 3565 illae
689 3517 821 3590 eqvoe,
856 3516 947 3590 qvae
974 3491 1048 3564 tibi
1068 3493 1274 3566 Kctlelluc
1292 3497 1479 3590 proxima
1505 3510 1599 3569 ante
1624 3510 1762 3571 astate

149 3629 281 3717 dedit,
314 3651 341 3696 a
365 3641 403 3698 te
427 3650 549 3702 emere
572 3627 699 3724 capio.
758 3625 986 3698 Tltcrleilue
1004 3626 1125 3704 dicit:
1157 3627 1230 3696 Illi
1251 3627 1334 3722 eqvi
1356 3626 1468 3700 baud
1486 3632 1761 3704 venalee'cant.

152 3759 224 3831 cut
239 3760 485 3854 Eldgrimnr:
521 3759 611 3850 Tot,
645 3757 790 3854 inavit,
824 3779 893 3852 ego
911 3756 983 3829 tibi
999 3781 1110 3855 equae
1128 3755 1249 3853 offero
1270 3753 1307 3832 8(
1327 3771 1456 3830 tamen
1466 3763 1649 3858 pecunia
1668 3775 1763 3836 tan-

152 3903 237 3962 tum
257 3893 421 3979 addam,
448 3904 492 3962 ut
513 3892 649 3962 multis
672 3891 855 3962 videatur
878 3913 938 3960 me
962 3891 1109 3984 duplex
1132 3887 1277 3984 afferre
1295 3893 1479 3984 pretium.
1537 3895 1763 3967 Tlrcrleiluc

149 4023 274 4094 dixit:
310 4024 455 4095 Nullae
477 4011 546 4120 ego
570 4046 655 4094 eum
669 4023 923 4115 foenerator,
957 4022 1054 4092 istoc
1077 4020 1177 4092 enim
1202 4045 1396 4128 nunquam
1414 4047 1634 4123 coneeqcere
1653 4049 1765 4120 eqvae

152 4157 271 4228 etiam
283 4156 317 4226 εἰ
328 4151 964 4252 triplexmileipretiumobtuleris.
989 4152 1217 4246 Eldgrimur
1227 4155 1347 4226 dixit:
1364 4157 1420 4228 Tu
1441 4181 1531 4230 vera
1550 4157 1611 4230 cir
1627 4159 1763 4254 magni

153 4290 332 4385 spirituc,
350 4289 776 4386 necparampereicaa,
797 4281 992 4384 &qvidem
1009 4285 1157 4375 vetlem,
1178 4298 1223 4356 ut
1236 4285 1364 4357 minus
1381 4289 1578 4383 acceperis
1590 4293 1765 4385 pretium

155 4445 264 4517 qvam
282 4423 325 4493 id
338 4423 435 4517 qvod
456 4447 524 4517 ego
533 4423 624 4519 jam
643 4420 766 4494 obtuli
781 4413 819 4491 dt
834 4431 964 4490 tamen
977 4441 1088 4516 eqcce
1103 4419 1314 4490 amitteres.
1371 4419 1598 4494 Tltc'rleilcue
1612 4426 1668 4495 acl
1682 4424 1765 4496 liae

156 4555 262 4654 dicta
288 4556 456 4626 maltam
478 4553 650 4646 erubuit,
686 4565 835 4648 tuche
856 4551 978 4624 dixit:
1002 4551 1180 4647 Lcngiae
1204 4551 1287 4638 tibi,
1309 4552 1536 4650 Eldgrime!
1567 4558 1643 4628 erit
1661 4580 1762 4652 pro·

152 4689 427 4784 grediendum,
471 4689 506 4760 ei
525 4689 623 4760 mini
645 4709 754 4786 eqvoc
776 4685 814 4757 vi
838 4697 1058 4782 extorqvere
1073 4685 1115 4756 in
1131 4685 1264 4757 anima
1280 4700 1348 4759 ert.
1399 4689 1626 4783 Eldgrimur
1646 4689 1764 4760 dixit:

162 4820 247 4893 Tiln'
274 4843 424 4916 parurn
455 4821 637 4892 credibile
657 4820 810 4894 ridetur
844 4841 903 4890 me
936 4818 1173 4915 superiorem
1201 4817 1315 4913 sare,
1371 4844 1500 4894 cerum
1537 4835 1666 4892 tamen
1692 4819 1768 4889 ltac

1502 4953 1572 5024 Tc
