4612 5832
844 484 1057 602 ..Q

148 729 209 800 uti
229 722 297 798 ille
314 711 391 796 tilii
415 726 456 796 in
474 724 837 821 Hoammfidrduns
852 747 1043 820 proruere
1065 725 1200 811 visus,
1233 729 1345 801 eredo
1367 730 1479 800 illum
1501 731 1604 801 tunc
1627 727 1775 826 ipsum
1812 721 1815 728 ¹

148 864 270 938 sinum
296 860 436 930 ultimo
455 858 548 928 vitre
569 869 739 951 tempore
766 859 987 950 aditurum,
1022 882 1090 928 nec
1113 859 1231 952 liujus
1251 862 1391 930 somnii
1411 863 1668 954 prolixiorem
1684 889 1753 933 ex-

143 991 412 1086 planationem
428 987 595 1059 exhibeo.
625 989 832 1077 Gudruna,
854 991 946 1059 dam
964 992 1105 1061 Gestas
1121 993 1272 1061 somnia
1290 993 1629 1087 interpretaretur,
1646 997 1753 1066 mal-

147 1137 224 1194 tum
238 1123 391 1192 erubuit
398 1146 413 1215 ,·
439 1122 592 1191 nullum
607 1132 735 1190 tamen
751 1120 905 1191 verbum
921 1121 1146 1215 loquebatur
1162 1136 1366 1216 antequam
1379 1127 1519 1194 Gestus
1537 1151 1647 1195 suam
1666 1151 1751 1196 ser-

143 1279 289 1344 monem
299 1253 504 1346 finivisset.
546 1253 640 1322 Tam
658 1249 1091 1348 Gudrunasaustiora,
1119 1251 1260 1348 inquit,
1281 1257 1485 1348 prasagia
1504 1257 1543 1326 in
1560 1257 1622 1327 tis
1637 1283 1752 1351 repe-

144 1385 280 1475 risses,
313 1386 347 1455 si
369 1410 437 1480 ego
463 1385 519 1454 ita
543 1408 624 1456 rem
650 1383 866 1454 retulissem
875 1409 889 1475 ,·
928 1407 1058 1456 verum
1079 1397 1209 1454 tamen
1226 1359 1387 1480 gratias
1407 1386 1568 1482 tibiago
1583 1392 1753 1482 proltac

144 1517 424 1608 explanatione
443 1513 689 1586 somniorum.
743 1515 935 1610 Magnam
955 1529 1082 1586 tamen
1097 1518 1237 1608 fotam
1258 1517 1441 1606 imminet,
1462 1519 1496 1586 si
1518 1519 1602 1590 liceo
1620 1525 1751 1593 omnia

145 1658 257 1719 erunt
281 1659 385 1720 rata.
444 1649 539 1720 Tam
563 1650 756 1720 Gudruna
783 1649 943 1718 Gestam
974 1650 1114 1720 iterum
1141 1652 1315 1744 rogavit,
1341 1663 1385 1722 ut
1413 1675 1458 1722 eo
1486 1653 1549 1722 die
1571 1652 1625 1721 ibi
1645 1677 1751 1724 com-

143 1792 364 1849 moraretur
370 1806 386 1872 ,-
412 1781 543 1851 dicens
563 1780 675 1850 illurn
692 1781 908 1873 sapientem
927 1803 1010 1850 cam
1023 1783 1160 1856 Osaivo
1176 1806 1386 1852 sermonem
1400 1781 1637 1856 habitarum.
1675 1786 1751 1857 Ille

145 1887 367 2006 respondit:
402 1911 750 2008 taquvictemego
773 1911 929 1980 iterati
953 1913 1110 1982 institui
1120 1912 1300 2004 jaciam,
1330 1936 1461 1985 cerum
1488 1927 1616 1984 tamen
1634 1916 1751 2009 patri

142 2037 266 2113 mea'm
286 2045 568 2114 salutationem
586 2044 726 2112 nantia
744 2053 857 2137 atqve
874 2044 958 2113 hae
975 2043 1094 2112 simul
1106 2067 1191 2114 mea
1212 2043 1348 2114 aerbo:
1380 2066 1518 2115 remeo
1535 2059 1751 2133 venturam,

142 2184 186 2242 ut
201 2173 301 2245 milei
322 2175 592 2246 habitaculum
610 2175 662 2244 sit
683 2175 816 2246 Oseici
835 2176 946 2245 domo
960 2174 1126 2248 viciniae
1143 2199 1265 2271 qvam,
1277 2175 1381 2244 illud
1395 2200 1498 2246 nunc
1517 2189 1593 2262 est,
1619 2173 1656 2248 8<
1671 2191 1751 2247 tum

141 2305 218 2374 erit
237 2306 420 2399 colloquii
437 2308 583 2402 qoidem
603 2308 737 2400 eopia,
760 2306 796 2375 si
814 2307 928 2377 nulla
946 2307 1033 2377 alia
1057 2328 1120 2378 res
1146 2305 1255 2378 obsit.
1293 2307 1447 2379 Deinde
1465 2289 1657 2380 Gudruna
1678 2309 1753 2378 clo-

137 2456 247 2508 mum
272 2437 399 2507 rediit.
442 2439 584 2509 Gestae
607 2451 737 2509 autem
759 2441 982 2533 projectus,
1006 2440 1211 2532 famulum
1237 2440 1352 2512 Olavi
1375 2441 1431 2510 ad
1449 2459 1645 2535 aggerem,
1683 2464 1752 2535 qvo

139 2589 306 2662 campus
330 2571 439 2643 villar
459 2572 665 2666 proximus
691 2572 954 2643 circumdatus
979 2582 1087 2662 erat,
1112 2573 1300 2646 convenit.
1352 2573 1430 2646 Ille
1445 2555 1603 2646 Gestam
1637 2573 1751 2645 Olaei

141 2701 281 2774 nuntio
303 2704 640 2799 Hjarclarltoltum
664 2686 864 2778 incitavit.
925 2705 1065 2777 Gestae
1082 2727 1129 2774 ea
1149 2705 1211 2774 die
1234 2707 1463 2777 Olaeum‘se
1478 2718 1751 2777 conuenturam

140 2846 406 2907 verumtamen
429 2824 723 2929 leylclvaskogi
745 2834 947 2926 hospitari
969 2857 1009 2903 se
1025 2833 1124 2906 celle
1143 2835 1373 2930 affirmarim
1398 2836 1580 2929 famulas
1598 2837 1752 2906 domam

140 2964 310 3052 rediens,
336 2989 414 3034 rem
436 2966 496 3033 uti
517 2978 610 3034 acta
634 2977 756 3052 erat,¹
773 2967 936 3062 Olavam
955 2963 1096 3031 docuit.
1154 2967 1299 3038 Olaeas
1314 2993 1423 3062 equos
1449 2967 1594 3036 adduci
1610 2967 1751 3061 jubens

139 3119 231 3164 cum
242 3096 388 3188 paucis
397 3097 514 3165 Gesta
525 3094 674 3164 obviam
689 3119 778 3190 equa
793 3094 962 3183 vellitur3
988 3095 1045 3161 acl
1058 3116 1166 3162 mare
1184 3095 1247 3162 illi
1259 3099 1437 3166 occurrit.
1488 3101 1625 3166 Laetus
1639 3099 1753 3165 illam

143 3228 292 3297 Olaeus
309 3226 475 3318 excepit,
501 3249 657 3320 eamque
683 3199 769 3295 cum
788 3236 870 3294 toto
888 3223 997 3292 illias
1014 3223 1202 3293 comitatu
1223 3226 1280 3294 ad
1302 3251 1342 3296 se
1368 3225 1558 3298 incitavit.
1612 3228 1752 3297 Gestus

139 3382 217 3453 pro
236 3356 467 3429 invitatione
485 3356 548 3426 illi
565 3353 872 3451 agensgratius‚
904 3356 961 3424 ad
986 3354 1100 3426 Olaei
1128 3354 1268 3428 villam
1292 3381 1331 3426 se
1355 3355 1614 3452 equitaturam
1641 3370 1753 3454 atqve

143 3492 227 3585 ejus
250 3489 482 3562 habitacula
506 3487 880 3594 contemplatarum,
905 3457 1048 3558 'ceram
1068 3498 1197 3560 tamen
1214 3487 1327 3582 apud
1339 3486 1559 3560 Armodum
1580 3490 1753 3586 hospitio

145 3645 319 3710 usurum,
344 3622 565 3718 affirmavit.
610 3623 749 3691 Gestae
767 3617 870 3690 brevi
887 3615 940 3688 ibi
956 3619 1102 3712 qeidem
1117 3633 1296 3690 moratas
1304 3621 1492 3717 pleraque
1507 3635 1635 3694 tamen
1647 3622 1755 3694 vitta

146 3753 340 3846 inspexit,
376 3756 506 3838 omnia
525 3754 778 3836 collaudans,
813 3763 849 3822 et
871 3751 910 3820 in
930 3774 975 3821 ea
993 3751 1089 3822 ailla
1108 3751 1341 3843 (edificanda
1352 3777 1520 3865 parsum
1536 3779 1616 3824 esse
1627 3776 1753 3846 pecu-

145 3885 227 3956 niae
244 3888 408 3978 negavit.
464 3887 609 3957 Olaeus
627 3886 786 3954 Gestum
804 3882 859 3949 ad
867 3882 1018 3974 flumen
1035 3884 1151 3952 Loxa
1169 3884 1390 3954 comitatur.
1450 3861 1673 3956 Kiartanus
1687 3894 1756 3951 at·-

147 4015 442 4111 qceBolliasea
459 4007 1005 4088 dienandoseseexereelmnt.
1037 4015 1151 4084 Olaci
1153 4012 1236 4104 filii
1248 4017 1288 4084 in
1303 4013 1756 4110 ltoclaclosaereprinei-
1811 3998 1820 4012 ⁰

147 4173 228 4241 pes,
252 4150 371 4219 etiam
390 4153 437 4220 de
456 4150 549 4219 aliis
565 4147 671 4219 uillis
688 4142 803 4214 multi
810 4143 971 4236 juvenes
987 4144 1112 4213 nandi
1128 4147 1321 4215 exercitiis
1338 4149 1559 4238 interfuere.
1583 4143 1756 4216 Kiarta-

152 4305 224 4352 nas
240 4283 453 4354 acBollius
464 4304 618 4375 exaqco
635 4287 878 4369 emergentes,
893 4275 1114 4346 cohortead
1127 4299 1166 4345 se
1182 4279 1604 4373 eqaitanteconspecta,
1617 4273 1757 4370 plari-

150 4435 216 4482 ma
233 4416 445 4484 induerant
459 4415 699 4494 vestimenta,
725 4408 950 4480 adveniente
962 4409 1077 4477 Gesta
1095 4421 1207 4502 atqve
1219 4410 1354 4480 Olavo.
1395 4399 1534 4484 Gesties
1547 4411 1758 4506 paulisper
1832 4472 1833 4475 ,

153 4546 319 4616 intuitus
336 4550 494 4640 juvenes
514 4543 666 4638 rogauit
685 4544 858 4630 olavum,
882 4539 947 4609 abi
960 4541 1183 4611 Kiartanus
1210 4543 1425 4615 consideret
1442 4557 1554 4641 atqve
1571 4543 1637 4614 ubi
1655 4539 1757 4614 Bol-

148 4681 420 4701 ——nn——n-

285 4745 366 4821 qaod
378 4747 515 4824 galeam.
562 4743 625 4804 Sed
636 4755 738 4801 tamen
754 4751 843 4798 tanta
866 4751 911 4798 est
932 4743 1013 4798 inter
1028 4737 1088 4798 lias
1113 4761 1199 4800 uoces
1223 4746 1293 4800 soni
1307 4745 1501 4816 similitudo,
1521 4755 1555 4804 ut
1575 4746 1644 4822 qvis
1654 4721 1759 4817 facile

286 4839 418 4888 tentetur
434 4827 532 4906 mytla'
550 4827 707 4905 quandam
724 4823 962 4882 similitudinem
979 4835 1034 4880 aut
1051 4827 1264 4902 cognationem
1280 4829 1374 4885 etitem
1386 4830 1590 4886 comminisci.

1491 4943 1599 5026 Rs,
