4636 5832
956 442 1016 532 39

168 698 232 773 illi
264 707 372 783 erat,
400 691 555 768 nomine
579 691 752 779 Helius,
778 689 893 766 bomo
920 712 1077 786 magna
1108 700 1275 764 statura
1305 704 1421 789 atqve
1451 694 1556 790 spei,
1604 699 1671 770 sed
1701 725 1793 798 opes

166 835 350 922 deerant,
384 841 518 901 tamen
543 826 714 907 indolem
736 824 1001 922 ingenuiorem
1024 824 1168 920 inesse,
1205 810 1385 924 pleri'qve
1413 827 1633 902 credebant.
1696 833 1792 908 Ho-

165 993 254 1042 rum
265 967 453 1060 fratrum
479 961 648 1034 multam
672 960 877 1035 loboravit
908 959 1128 1032 concordia.
1200 961 1412 1060 Ingjaldas
1444 962 1517 1034 boc
1536 965 1790 1060 potissimum

167 1102 207 1174 in
220 1101 351 1174 Hallo
375 1093 704 1192 reprehendebat,
744 1097 847 1192 qvod
869 1118 948 1166 sese
965 1091 1115 1189 parum
1140 1095 1198 1165 ad
1215 1096 1486 1191 potentiorum
1513 1099 1688 1172 virorum
1703 1126 1791 1174 mo-

164 1254 226 1306 res
241 1235 484 1330 applicaret.
549 1229 680 1302 Hallo
707 1242 841 1300 autem
865 1226 1072 1300 videbatur
1090 1227 1322 1324 Ingjaldus,
1356 1252 1451 1302 suas
1476 1256 1538 1304 res
1551 1257 1701 1330 parum
1719 1261 1791 1308 cu-

162 1379 342 1439 rareaut
357 1367 412 1436 ad
427 1363 661 1460 dignitatem
678 1364 875 1436 extollere.
935 1363 1066 1435 Locus
1092 1375 1149 1435 est
1166 1363 1412 1459 piscatorias
1437 1364 1478 1437 in
1493 1366 1801 1465 Breiclafjordo,

163 1502 229 1600 qvi
254 1501 487 1596 Bjarneyar
511 1509 766 1593 nuncupatus
794 1509 864 1569 est.
931 1495 1078 1571 Multae
1111 1495 1165 1568 ibi
1196 1497 1339 1572 insula
1366 1492 1406 1570 it
1436 1497 1521 1571 illis
1552 1501 1791 1597 temporibus

164 1647 346 1733 capturos
369 1634 582 1706 admodum
608 1633 776 1722 idoneae,·
829 1629 895 1702 bic
925 1630 1034 1704 locus
1062 1632 1230 1704 multum
1261 1632 1531 1729 piscatoribus
1547 1633 1790 1733 frequenta-

164 1769 284 1842 batur
318 1762 357 1841 &
399 1768 537 1866 qoaois
572 1767 711 1864 byeme
743 1765 956 1838 multitudo
994 1789 1142 1862 magna
1180 1767 1382 1840 bominum
1423 1768 1563 1842 ibidem
1598 1775 1789 1846 convenit.

161 1903 307 2000 Magni
337 1902 380 1974 id
402 1901 550 1994 referre
567 1902 786 1998 prudentes
804 1900 882 1972 viri
900 1913 1110 1998 putavere,
1139 1913 1185 1973 ut
1212 1901 1255 1975 in
1277 1903 1375 1975 locis
1400 1903 1638 2000 piscatoriis
1657 1907 1788 1979 bomi-

162 2063 228 2110 nes
255 2037 296 2108 in
316 2036 527 2112 concordia
552 2036 864 2120 continerentur,
907 2035 1023 2130 vulgo
1050 2035 1153 2105 enim
1182 2033 1416 2124 credebant,
1450 2038 1580 2110 minus
1600 2040 1788 2132 faustam

151 2171 247 2266 sore
258 2171 523 2270 piscaturam,
560 2171 595 2242 si
611 2167 779 2241 dissidia
796 2164 1054 2255 exorirentur,
1076 2169 1248 2264 plurimi
1264 2171 1397 2266 itaque
1417 2170 1496 2244 viri
1511 2173 1678 2246 maltum
1700 2191 1789 2250 stu·
1883 2169 1886 2174 ’
2007 2195 2012 2203 “

161 2309 278 2379 duere
302 2303 402 2401 paci
434 2305 651 2379 servanda.
728 2301 913 2376 Hallum
936 2301 1116 2396 fratrem
1151 2301 1332 2399 lagjaldi
1368 2303 1672 2402 Saudeyargodi
1703 2313 1787 2383 ali-

160 2441 316 2539 quando
347 2439 405 2510 ad
430 2433 763 2546 Bjarneyasl)
791 2437 1032 2533 piscationis
1064 2461 1207 2534 caussa
1237 2437 1388 2512 venisse
1420 2455 1679 2514 memoratum
1707 2459 1786 2541 est3

160 2579 229 2650 ille
254 2576 440 2649 novalem
459 2573 535 2646 sibi
560 2573 707 2646 socium
742 2572 941 2662 assumsit,
967 2574 1096 2646 viram
1122 2573 1353 2664 Titorolfam
1379 2575 1557 2660 nomine,
1591 2576 1786 2654 bominem

157 2710 536 2804 Breidjjiirdensem,
586 2707 649 2778 cui
680 2731 772 2802 opes
792 2707 886 2800 fere
913 2707 1037 2778 nullae
1068 2729 1137 2778 nec
1163 2718 1291 2777 certus
1317 2706 1407 2800 lar,
1450 2719 1580 2782 tamen
1608 2727 1695 2783 erat
1724 2717 1786 2788 eir

158 2861 224 2919 sat
251 2843 430 2940 impiger.
497 2838 560 2912 Ibi
590 2841 743 2912 Hallas
768 2863 846 2936 per
872 2840 1035 2936 aliquod
1068 2853 1220 2935 tempus
1251 2855 1512 2914 commoratus
1546 2869 1626 2916 sese
1658 2872 1783 2946 supro

156 2979 264 3051 alios
279 2975 446 3046 multum
473 2973 659 3042 extollere
681 2972 821 3065 coepit.
878 2971 1040 3044 Accidit
1071 2997 1231 3066 vespere
1257 2975 1446 3069 qvodam,
1480 2989 1524 3046 ut
1546 2977 1698 3054 Hallas
1714 2999 1784 3056 at-

159 3137 227 3212 qve
250 3103 464 3194 Tborolfus
484 3105 540 3174 ad
564 3113 713 3173 terram
736 3103 986 3197 appellerent
1011 3113 1254 3196 capturaqoe
1274 3117 1373 3174 esset
1400 3107 1625 3180 dividenda.
1686 3113 1783 3190 Tum

158 3245 335 3319 Hallas:
362 3248 399 3308 et
417 3249 628 3332 capturam
645 3233 820 3307 dividere
844 3247 882 3305 et
901 3233 1104 3330 portiones
1132 3237 1273 3330 eligere
1290 3236 1405 3326 velle,
1433 3264 1544 3334 seqoe
1563 3244 1624 3311 ali
1635 3261 1783 3338 poten..

160 3373 426 3467 tioremserre.
485 3361 698 3459 Tborolsus
723 3379 855 3438 autem
881 3366 988 3438 nibil
1011 3391 1037 3436 a
1063 3389 1136 3438 saa
1162 3391 1206 3438 re
1228 3370 1360 3439 cedere
1391 3381 1506 3466 atqve
1516 3373 1783 3464 ferocioribus

158 3513 218 3586 nti
244 3507 391 3597 verbis,
434 3514 517 3572 tam
535 3503 637 3570 inter
662 3523 726 3570 eos
750 3499 850 3572 oriri
873 3499 1068 3571 contentio
1083 3513 1122 3572 et
1137 3515 1299 3598 aterque
1320 3505 1507 3596 opposita
1539 3517 1779 3590 contendere,

161 3648 259 3720 Tam
269 3639 420 3742 Hallus
436 3633 664 3723 concisorio,
681 3635 782 3730 qvod
798 3633 863 3706 illi
878 3645 968 3706 erat
985 3635 1042 3706 ad
1059 3658 1232 3725 manum,
1252 3649 1433 3732 correpto
1454 3638 1642 3736 Tborolso
1660 3665 1784 3746 caput

158 3778 375 3871 impingere
404 3769 548 3861 voluit3
579 3769 670 3864 jam
691 3769 937 3840 advenerunt
971 3768 1037 3864 qai
1059 3768 1341 3841 intercederent
1369 3771 1541 3876 Hallum
1565 3779 1782 3858 cohibentes

158 3914 228 3984 ille
244 3931 333 3983 vero
341 3928 523 4000 proeoeps
543 3900 607 3973 ira
619 3901 758 3992 fertur
775 3926 822 3972 ea
839 3903 922 3973 eice
936 3889 1074 3974 'tamen
1091 3903 1173 3972 sine
1189 3902 1272 3973 ullo
1291 3899 1440 3998 effectu,
1461 3932 1578 4004 neqve
1589 3923 1669 3984 tum
1681 3941 1782 4012 rap..

159 4061 251 4117 tara
270 4037 532 4112 dividebatur.
593 4035 739 4108 Eodem
764 4059 921 4131 vespere
959 4035 1170 4127 Tborolsus
1193 4035 1314 4125 abiit,
1345 4039 1499 4110 Hallas
1527 4069 1617 4115 aero
1635 4061 1781 4142 copta-

158 4203 257 4269 ram,
296 4197 380 4272 qva
408 4171 610 4268 utriusqoe
634 4193 731 4240 sane
751 4180 859 4261 erat,
896 4181 1020 4239 totam
1031 4170 1140 4240 solus
1166 4169 1385 4264 occupavit.
1446 4175 1496 4245 In
1519 4176 1780 4257 bocoeroin-

158 4315 281 4412 signis
305 4305 500 4407 potentiae
530 4299 768 4400 differentia.
826 4302 997 4377 Hallus
1031 4315 1164 4374 autem
1198 4304 1345 4375 socium
1377 4306 1452 4380 sibi
1483 4312 1667 4402 reovalem
1696 4318 1780 4390 loco
1862 4313 1866 4321 ’

163 4443 334 4540 Tborolfi
349 4438 760 4539 aoqoisioit,‚jamqee
775 4449 820 4510 ut
835 4450 956 4514 antea
973 4439 1197 4534 piscatura
1212 4461 1373 4533 operam
1393 4441 1510 4514 dedit.
1559 4445 1781 4546 ¹Titorolfa's

162 4639 433 4662 -ψ-

206 4761 235 4846 *)
261 4766 333 4826 Etsi
354 4765 388 4820 m
413 4757 629 4838 Saudeyar
652 4757 795 4834 legatur,
810 4755 998 4828 judicamus
1021 4753 1078 4816 boc
1101 4759 1149 4815 sic
1173 4753 1311 4816 dandum
1336 4775 1417 4828 esse,
1439 4759 1524 4819 illud
1544 4763 1625 4820 enim
1648 4783 1716 4822 cunc
1737 4785 1779 4825 ars

291 4876 496 4937 recedentibus
517 4895 577 4934 non
596 4876 746 4936 convenit.
