4636 5832
929 501 992 582 57

154 747 405 828 Tborsteinus
432 751 513 822 tuni
536 774 631 822 sane
657 763 755 822 natu
775 751 993 846 grandior,
1034 770 1168 822 uerum
1191 761 1319 820 tamen
1336 737 1628 824 erictlrobustus
1649 745 1686 822 8(
1704 765 1769 822 sat

149 889 250 960 bona
270 901 379 962 utens
398 885 635 957 valetudiue.
667 873 673 888 ⁴

665 1265 669 1272 ·
786 1205 915 1307 CAP.
953 1217 1126 1306 xv111;

289 1410 294 1428 '
348 1385 442 1488 Hoc
478 1409 658 1512 tempore*
696 1415 905 1486 Yltorsnesi
936 1413 1159 1485 leorsteini
1187 1427 1459 1509 cognatorum,
1496 1415 1620 1486 B'drbi
1646 1412 1767 1508 Digri

148 1548 311 1646 (crossi)
331 1564 446 1646 atqce
476 1545 698 1644 Tborgriini
710 1549 865 1642 fratris
892 1548 1014 1637 illius,
1039 1549 1261 1618 'increscens
1287 1534 1463 1640 dignitas
1477 1545 1549 1616 boc
1568 1569 1663 1615 sanc
1675 1547 1766 1635 juit

149 1685 374 1778 conspicua,
393 1685 493 1778 quod
511 1663 573 1750 illi
582 1681 738 1772 fratres
748 1682 969 1774 plurimum
991 1678 1028 1751 8<
1042 1705 1085 1751 re
1101 1678 1140 1784 8(
1156 1682 1444 1752 existimatione
1454 1680 1607 1775 pollere
1619 1690 1766 1773 postu-

149 1817 312 1908 labant,
357 1838 428 1912 qvo
458 1825 654 1908 comperto
682 1814 954 1903 Thorsteinus,
992 1839 1039 1884 ue
1065 1815 1339 1886 controversia
1363 1813 1471 1882 locus
1494 1824 1602 1896 esset,
1620 1812 1766 1906 palam

139 1952 264 2046 fecit:
308 1946 604 2019 cohabitacula
635 1957 980 2033 commutaturum,
1016 1947 1517 2042 sedemqveHrappstados
1546 1945 1587 2014 iu
1601 1946 1766 2016 Lanar-

150 2085 288 2156 dalum
304 2079 607 2152 translaturum.
672 2079 707 2148 T
704 2077 926 2149 borsteinus
948 2078 1089 2146 Surtus
1109 2105 1129 2150 e
1147 2091 1335 2152 conventu
1353 2103 1471 2150 verno
1483 2077 1766 2170 profectionem

145 2217 316 2318 parauit
339 2209 377 2284 8<
403 2189 550 2309 peciora
567 2212 658 2303 jam
677 2235 755 2306 per
781 2212 894 2281 littus
916 2209 1146 2304 agebantur.
1226 2209 1479 2283 Tborsteiuue
1508 2235 1593 2280 cum
1616 2211 1765 2280 duode-

152 2351 225 2422 cim
251 2347 443 2444 scapham
474 2344 705 2416 conscendit.
761 2343 811 2414 In
838 2343 1030 2413 illiserat
1054 2344 1298 2414 Thorarinus
1325 2345 1435 2413 illius
1454 2367 1574 2439 gener
1597 2337 1635 2414 &
1661 2344 1765 2413 Osba

155 2451 482 2573 Tltorsteinifilia
500 2490 615 2573 atqve
632 2477 812 2546 Hildura
826 2475 1050 2570 Helgifilia
1069 2489 1150 2547 tum
1166 2479 1306 2568 trima,
1338 2489 1491 2572 proeter
1516 2475 1619 2546 alios
1644 2475 1766 2544 itine-

151 2591 208 2692 ris
227 2617 361 2688 socios.
419 2611 453 2683 Τ
450 2610 672 2682 borsteinus
689 2611 893 2681 libonotlto
903 2611 1057 2702 serente
1079 2611 1378 2700 vehementiore,
1401 2633 1476 2705 per
1491 2612 1660 2681 adversa
1675 2633 1766 2680 ma-

150 2755 208 2826 ris
223 2749 399 2846 flumina
426 2747 582 2824 delatus
609 2745 727 2814 estin
747 2745 789 2812 id
805 2743 969 2836 fluruen,
985 2743 1088 2838 qaod
1101 2743 1485 2814 Kolbistustraumus
1501 2707 1824 2846 nuncupatumf

149 2885 273 2983 (illud
295 2878 592 2974 rapidissimum
617 2887 674 2944 est
701 2874 914 2967 fluminum
941 2874 1377 2972 Breidosjiirdensium).
1441 2875 1533 2948 lam
1560 2878 1767 2973 navigatio
1807 2937 1812 2946 .
1885 2957 1892 2976 ⁵

147 3017 281 3090 minus
305 3009 487 3102 expedito
502 3007 634 3095 facto,
653 3030 695 3073 eo
707 3005 977 3102 potissimum,
997 3008 1098 3100 qvod
1110 3029 1279 3078 recessus
1295 3005 1625 3096 maris'aclerant,
1671 3034 1768 3082 ven-

151 3166 214 3222 tus
226 3157 358 3215 autem
371 3135 550 3232 iniqvior,
572 3159 665 3204 uara
676 3133 814 3204 imbres
827 3135 1171 3231 eroutfreqventes
1183 3134 1221 3208 8(
1232 3139 1402 3208 diductis
1416 3138 1768 3235 nubibusprocella

152 3279 339 3356 ciebatur,
362 3269 468 3339 alias
485 3280 615 3336 autem
635 3278 771 3335 centus
784 3266 912 3359 plane
930 3267 1120 3338 cessabat.
1178 3271 1423 3340 Tborarinus
1447 3269 1604 3366 regebat
1620 3276 1766 3366 navim,

153 3411 192 3486 8<
215 3413 394 3483 ltumeros
413 3398 584 3492 funibus
601 3396 861 3490 gubernaculi
894 3397 1223 3489 circumdederat,
1263 3415 1352 3472 erat
1375 3404 1476 3474 enim
1492 3406 1767 3476 nacisadmo-

155 3550 246 3618 dum
275 3538 423 3627 referta
444 3529 482 3601 8<
503 3531 755 3626 potissimum
779 3530 888 3599 arcis
912 3545 1075 3624 onusta,
1100 3559 1215 3630 eoqve
1232 3561 1329 3606 anus
1354 3536 1516 3625 ela-tius,
1540 3539 1768 3636 propinqva

154 3689 286 3750 autem
309 3683 438 3753 terra,
486 3665 553 3734 sed
578 3663 692 3734 navis
719 3685 854 3734 cursus
877 3664 1038 3758 lentior,
1076 3689 1170 3738 nam
1184 3666 1368 3760 fluminis
1392 3670 1452 3740 cis
1474 3670 1769 3768 crevit-eratqce

155 3803 378 3883 contraria;
405 3799 494 3872 dein
517 3795 678 3890 scopulo
700 3796 898 3886 alliditur,
923 3809 1054 3870 tamen
1073 3797 1215 3896 absqce
1232 3801 1460 3896 naufragio.
1519 3804 1771 3880 Tborsteiaus

139 3941 286 4018 ‘velum
312 3935 496 4005 deducere
510 3927 676 4027 jubebat
698 3941 814 4024 atqve
840 3931 1016 4026 arreptis
1031 3933 1155 4004 contis
1172 3935 1307 4005 navim
1321 3961 1340 4004 e
1356 3935 1515 4030 scopulo
1524 3940 1768 4034 propellere,
1886 3917 1889 3924 ¹

155 4079 226 4148 hoc
244 4070 394 4168 qvidem
411 4065 615 4136 consilium
629 4059 942 4156 experiebantur,
967 4087 1100 4136 cerum
1122 4067 1205 4138 sine
1232 4065 1383 4162 effectu,
1416 4093 1511 4140 nam
1536 4067 1586 4136 ab
1609 4083 1770 4170 utroqve

157 4211 280 4279 latere
298 4211 414 4306 touta
432 4209 520 4268 erat
536 4220 647 4290 oqvae
673 4195 860 4284 altitude,
879 4208 924 4264 ut
938 4199 1042 4268 couti
1056 4200 1233 4290 fundum
1248 4202 1359 4270 haud
1374 4203 1633 4296 attingerent,
1661 4205 1771 4279 ideo-

157 4367 225 4438 qve
246 4335 433 4408 veniliam
461 4327 610 4424 operiri
625 4327 872 4422 cogebantur,
894 4331 963 4398 sed
981 4330 1095 4423 prius
1115 4355 1218 4428 aqva
1240 4357 1265 4400 a
1288 4334 1447 4428 scopulo
1470 4334 1670 4408 recedebat
1677 4364 1691 4429 ,·
1724 4366 1771 4412 ea

157 4473 219 4541 die
241 4469 415 4564 pbocam
439 4462 482 4532 in
504 4460 673 4554 flumine
696 4475 992 4555 conspexerunt,
1025 4487 1108 4560 qcae
1135 4465 1275 4534 solitas
1306 4465 1472 4536 multum
1502 4471 1774 4562 magnitudine

156 4599 361 4697 superavit
368 4624 381 4690 ,·
409 4595 482 4666 illa
497 4616 571 4686 per
585 4591 686 4662 diem
701 4592 812 4664 baud
825 4591 1000 4668 brevibus
1013 4595 1199 4688 passibus
1221 4598 1354 4669 navim
1373 4599 1662 4694 circumicerat,
1689 4631 1774 4676 om-

158 4734 271 4806 nibus
287 4731 423 4812 patetis
439 4725 603 4799 tomani
627 4723 689 4794 illi
718 4725 842 4797 inesse
863 4729 965 4798 oculi
988 4729 1073 4800 cisi.
1133 4731 1168 4802 Τ
1164 4731 1386 4803 borsteinus
1412 4735 1535 4804 socios
1556 4737 1696 4830 pbocae
1714 4752 1774 4808 te-

161 4869 242 4939 lum
259 4867 466 4937 immittere
483 4852 705 4956 rogabat&
722 4859 785 4928 illi
802 4861 953 4955 quidem
967 4861 1084 4958 bztjus
1100 4863 1157 4935 rei
1176 4831 1333 4936 irritum
1347 4866 1532 4959 fecerunt
1541 4868 1773 4960 periculum.

1506 4997 1546 5069 H

507 5127 538 5164 l
