4590 5844
850 461 1067 594 ΒΕ-

145 717 222 788 lius
238 740 287 786 ac
304 712 640 806 Gudrunaefiliuo,
667 713 772 786 domi
787 713 953 784 odoluit.
1009 713 1130 787 Brevi
1146 711 1214 786 t'lle
1229 714 1359 790 virilis
1368 715 1506 808 factus
1523 716 1647 789 cirac
1662 720 1770 792 ami·-

146 852 201 921 cic
220 851 365 920 beatus.
418 847 622 920 Memoria
639 849 833 922 traditum
850 861 907 929 est
927 849 1144 944 aliqnando
1167 851 1416 925 Tborkcllum
1432 852 1770 952 Gudrunoeucom-
1806 931 1809 938 ,
1880 852 1883 858 ’

145 985 254 1054 nium
268 1005 484 1052 enarrasse.
538 981 634 1077 Ego,
659 982 797 1078 inquit,
823 984 1306 1084 comniaoimibitantom
1324 983 1604 1073 eccebarbam,
1642 999 1686 1057 ut
1703 999 1768 1058 to·
1897 1026 1899 1030 ·
1992 1011 1995 1018 ·

145 1131 229 1188 turn
253 1114 572 1208 Breidafibrdam
597 1115 673 1210 illa
704 1115 1034 1210 complecteretur.
1110 1117 1340 1189 Tbcrlcelluc
1364 1144 1449 1190 eam
1473 1113 1668 1191 somnium
1694 1121 1770 1217 cibi

144 1249 404 1349 interpretari
420 1247 599 1342 rogabat.
655 1251 849 1320 Gudruna
869 1249 1009 1320 iterum
1027 1249 1217 1346 rogabat:
1251 1277 1363 1348 qoam
1383 1267 1425 1324 tu
1446 1267 1633 1325 autumas
1652 1221 1797 1349 lzujeic=

142 1383 286 1456 somnii
314 1406 395 1452 ecce
416 1359 769 1476 cignislcclibnem?
803 1381 911 1454 Mitt
932 1384 1187 1475 manifestum
1211 1386 1366 1458 videtur
1388 1385 1612 1483 [respondit
1638 1389 1769 1459 Tltor-

141 1514 284 1612 bellus]
300 1540 426 1586 meam
441 1517 629 1586 ditionem
639 1540 716 1612 per
733 1527 856 1586 totum
872 1517 1190 1610 Breidafibrdum
1204 1536 1402 1591 extensam
1411 1519 1515 1612 fore.
1587 1523 1655 1593 Itn
1682 1521 1768 1619 qvi-

141 1655 227 1725 dem
238 1651 332 1746 fieri
344 1663 477 1745 potest
485 1702 498 1735 ,
524 1651 585 1720 ait
604 1651 811 1738 Gudruno,
839 1675 908 1746 ego
924 1675 1015 1723 vero
1030 1655 1168 1748 potius
1190 1657 1381 1725 crederem
1400 1666 1436 1724 te
1455 1654 1497 1724 in
1509 1655 1767 1748 Breidafi'o'r-

141 1789 234 1858 dum
256 1783 420 1854 barbam
446 1784 716 1854 intinctorum.
783 1784 934 1855 Eadem
959 1797 1098 1857 aetate
1124 1788 1354 1859 Tborlcelluc
1388 1788 1485 1860 navi
1514 1789 1682 1860 deducta
1711 1791 1768 1862 ad

141 1919 389 2015 Norvagiom
407 1915 607 2013 proficisci
620 1929 762 2014 porat.
818 1917 1009 2004 Gelleruc,
1036 1919 1146 1989 illius
1155 1919 1285 2009 filius,
1313 1908 1409 1992 ΧῙῙ
1428 1933 1615 1994 tumeret
1639 1946 1767 1994 annac

139 2065 270 2124 natus.
325 2052 403 2122 Ille
419 2075 504 2120 cum
517 2063 639 2146 patre
650 2051 857 2146 profectur
873 2062 942 2120 cot.
999 2052 1229 2150 Thorkelluo
1248 2053 1690 2150 natumseoit‚eeligna
1710 2033 1766 2126 ad

139 2183 437 2276 aedificationem
458 2185 597 2280 templi
612 2187 945 2281 adportatum,
981 2209 1164 2282 qvttmqve
1183 2200 1360 2282 paratus
1383 2199 1501 2279 ercet,
1525 2187 1650 2260 centio
1675 2189 1763 2260 vela

82 2397 85 2400 ,
138 2318 249 2388 dedit
264 2312 302 2385 δε
309 2316 456 2409 fausto
475 2319 622 2414 quidem
638 2317 782 2387 'itinere
799 2319 1006 2414 aliquanto
1024 2327 1154 2392 tamen
1170 2321 1419 2392 diuturniore
1435 2343 1529 2390 usuc
1538 2371 1552 2408 ,
1577 2323 1634 2391 ad
1650 2319 1765 2394 borc-

138 2451 510 2547 aleijorvagiom
524 2451 698 2548 adpulit.
733 2451 830 2522 [lum
851 2452 999 2526 Olavuc
1017 2471 1086 2527 rex'
1105 2455 1147 2525 in
1169 2454 1456 2558 'Iltrondbeimo
1475 2455 1592 2550 degit.
1633 2456 1763 2549 Tbor-
1805 2499 1807 2503 ·

139 2586 265 2658 bellus
283 2608 370 2655 cum
380 2583 472 2678 filio
489 2587 646 2658 Gellero
673 2585 866 2681 extemplo
892 2611 1019 2683 regem
1038 2589 1203 2661 Olavum
1223 2590 1323 2662 adit.
1386 2587 1449 2660 Ibi
1477 2587 1569 2660 bene
1590 2589 1764 2687 excipio·-

139 2719 296 2789 bcntur.
331 2716 617 2816 ¹Memoratum
635 2733 715 2811 eet,
745 2721 995 2794 Tborkellum
1009 2747 1056 2792 ea
1071 2723 1207 2821 byeme
1228 2748 1255 2794 a
1283 2747 1371 2819 rege
1388 2722 1493 2793 tanti
1522 2723 1762 2793 (estimatum

127 2853 279 2946 fuisse,
315 2862 360 2919 ut
374 2851 486 2920 baud
508 2855 637 2924 minuc
659 2876 774 2948 qoam
796 2851 994 2925 Cmarccc
1019 2857 1177 2951 argenti
1191 2855 1377 2950 desaecati
1397 2880 1465 2926 rex
1491 2855 1556 2926 illi
1571 2823 1738 2927 donaret
1746 2879 1761 2948 ,⁰

135 2983 291 3056 lulensi
299 2983 411 3074 festo
427 3005 494 3052 rex
506 2987 661 3055 Gellero
676 2977 1021 3078 proetiosicsimam
1038 3014 1087 3060 ac
1097 2989 1601 3096 proectantiseimamdedit
1618 3002 1761 3085 togam.

135 3119 287 3192 Eadem
304 3116 439 3212 byeme
458 3119 604 3189 Olavuc
629 3142 699 3188 rex
726 3122 914 3214 templum
932 3149 952 3193 e
969 3123 1091 3218 lignis
1114 3123 1156 3192 iu
1177 3122 1271 3193 urbe
1294 3124 1568 3217 (edificandum
1597 3124 1760 3196 curavit.

134 3251 332 3345 Magnum
351 3252 456 3322 illud
471 3253 657 3347 templum
670 3276 719 3323 ac
734 3225 863 3326 multa
882 3269 970 3328 orte
996 3255 1243 3349 oedificatum.
1265 3234 1267 3240 ¹
1308 3259 1408 3332 Vere
1425 3257 1536 3352 ligna
1544 3307 1557 3342 ,
1584 3281 1665 3353 qvae
1691 3280 1760 3327 rex

140 3386 170 3458 Ἰ
173 3383 349 3455 ltorlcello
367 3386 542 3476 dederat,
570 3389 626 3456 ad
639 3389 774 3460 navim
792 3390 1005 3485 deportata
1024 3403 1126 3462 cunt.
1184 3392 1318 3487 Ligna
1341 3403 1454 3464 aaut
1478 3401 1626 3486 magna
1646 3403 1762 3488 atqve

137 3518 343 3614 exquisita,
370 3543 463 3590 nant
478 3521 707 3593 Tltcrlcelluc
721 3524 858 3596 eadem
874 3524 1009 3594 sedulo
1025 3522 1206 3620 elegerat.
1259 3525 1465 3598 Matutino
1486 3537 1658 3618 tempore
1675 3525 1761 3596 ali·

134 3652 247 3747 cujus
261 3651 339 3721 diei
357 3675 425 3722 rex
438 3677 523 3744 cum
536 3657 681 3750 paucis
696 3681 871 3752 egressui
889 3669 958 3747 eet,
982 3659 1253 3756 competitore
1270 3658 1463 3732 bominem
1483 3659 1524 3728 in
1539 3637 1649 3733 tecto¹
1660 3670 1761 3730 tem-

128 3786 210 3883 pli,
232 3785 334 3878 qvod
354 3795 435 3854 tum
452 3785 741 3880 oedificabctur,‘
754 3791 1020 3862 constitutum.
1054 3794 1174 3867 Hunc
1191 3791 1319 3866 cirum
1332 3818 1400 3864 rea
1416 3793 1607 3889 cognovit,
1631 3791 1761 3863 'Ibor-

133 3918 263 3990 tellus
280 3911 382 3988 enirn
397 3931 505 4009 erat,
529 3919 794 4013 Eyolfiflliue,
819 3925 941 4020 tignio
957 3925 1132 3998 omnibus
1152 3940 1235 3998 tam
1251 3929 1440 3998 transtris
1457 3952 1570 4022 qvam
1581 3925 1760 3996 trabibus

135 4049 267 4146 longis
295 4047 437 4158 fulcra
472 4052 732 4148 jungentibus
776 4071 893 4153 atqve
924 4058 1115 4166 calumnie
1147 4077 1371 4132 mensuram
1403 4049 1605 4146 bdbibenc.
1674 4060 1763 4130 Rex

51 4175 53 4184 ’
135 4211 176 4257 se
192 4209 235 4255 ec
257 4197 479 4256 convertens
491 4185 615 4259 dixit:
639 4191 733 4285 qvid
748 4187 833 4278 boc,
864 4187 1092 4262 Tborkelle!
1117 4193 1175 4262 rei
1191 4189 1275 4264 est?
1300 4219 1392 4265 num
1417 4181 1494 4264 tali
1517 4193 1632 4264 modo
1651 4216 1767 4264 com-

129 4317 306 4416 parabis
324 4319 546 4408 materiam,
573 4345 688 4416 qvam
705 4325 761 4395 ad
774 4321 1072 4418 adificationem
1096 4327 1234 4423 templi
1255 4328 1296 4400 in
1313 4328 1538 4399 lelandiom
1563 4327 1758 4423 deporta-

136 4465 253 4522 turuo
275 4472 325 4524 ec.
386 4452 858 4552 Tltcrlcellucrecpondit:
885 4461 1129 4557 taliqvidem
1150 4463 1282 4549 modo,
1320 4463 1496 4544 domine!
1526 4463 1633 4534 Tunc
1655 4461 1760 4534 dixit

138 4585 287 4688 Olacuc
303 4609 394 4658 rex:
412 4589 532 4664 cuivis
545 4591 742 4685 tignorum
755 4595 949 4692 majorum
960 4593 1209 4668 bicubitalem
1226 4609 1405 4694 amputes
1409 4593 1611 4692 portem&
1627 4607 1759 4666 tamen

135 4719 180 4788 id
192 4720 269 4790 crit
288 4722 474 4814 templum
493 4749 628 4798 eorum
637 4728 862 4820 maximum,
886 4754 976 4826 qvae,
987 4728 1028 4798 in
1042 4729 1228 4800 Iclcndia
1244 4733 1325 4803 sint
1342 4731 1550 4825 aedificata.
1630 4727 1760 4799 lber-

133 4853 260 4925 kelluc
276 4857 502 4961 respondit:
539 4874 581 4933 tu
610 4863 695 4960 ipse
714 4863 825 4973 ligna
845 4875 914 4937 tua
934 4863 1127 4962 recipias,
1156 4865 1191 4937 ei
1208 4879 1244 4940 te
1255 4869 1433 4967 poenitet
1450 4863 1575 4940 nimia
1588 4859 1752 4962 dedisce,
