4612 5832
859 479 1079 604 ...lt-⁹...

157 735 235 806 ceri
253 733 411 804 divinat
431 732 606 819 animus,
640 730 859 802 bocratum
873 729 970 819 fore
994 739 1125 800 votum
1146 751 1280 825 spero,
1316 729 1498 826 illiusque
1519 751 1657 800 nomen
1684 741 1778 824 post

155 869 279 939 multa
301 879 478 960 tempora
497 865 652 934 illustre
663 863 859 955 futurum.
928 863 1034 933 Uxor
1053 862 1234 934 Jcrunna
1257 864 1378 935 dixit:
1420 875 1514 936 sunt
1536 863 1628 935 buic
1654 885 1776 935 servoe

153 1001 236 1094 filio
249 1012 375 1100 tantoe
391 1021 496 1090 opes,
515 1009 559 1066 ut
573 997 727 1066 illustre
731 996 814 1088 fiat
828 993 995 1066 nomen?
1019 997 1163 1098 Eadem
1182 1010 1353 1092 tempore
1375 998 1540 1081 accidit,
1564 1008 1607 1066 ut
1623 993 1775 1088 famuli

157 1133 338 1204 sarcinas
367 1130 418 1200 ab
448 1129 553 1225 eqois
585 1129 770 1200 tollerent
800 1142 916 1224 atqve
943 1129 1092 1199 Oinous
1126 1131 1182 1198 ad
1204 1129 1343 1200 villam
1366 1131 1600 1224 perveniret.
1669 1129 1775 1200 Tunc

162 1267 331 1338 Oinous:
367 1266 480 1334 Nunc
504 1261 724 1334 bominibus
742 1262 907 1333 curiosis
929 1259 1113 1353 satisfiet,
1141 1261 1258 1334 multi
1284 1263 1386 1332 enim
1410 1263 1486 1333 bac
1509 1264 1644 1358 hyeme
1667 1263 1714 1331 de
1732 1285 1775 1329 eo

148 1401 270 1494 fuere
292 1421 494 1486 sermones,
514 1395 707 1492 quodnam
728 1396 820 1467 huic
838 1396 946 1466 otttoe
967 1395 1152 1486 futurum
1174 1407 1273 1465 esset
1297 1419 1445 1466 nomen.
1524 1393 1776 1490 Hjardobclt

160 1525 427 1629 (Gregicollis)
445 1542 623 1620 vocetur,
656 1529 884 1601 conveniens
908 1528 980 1599 boc
1002 1530 1127 1599 cisum
1142 1551 1298 1612 nomen,
1341 1526 1392 1597 ab
1429 1527 1496 1617 iis,
1527 1551 1611 1624 qvae
1635 1526 1776 1597 ibidem

158 1675 368 1738 evenerant
395 1661 516 1732 rebus.
579 1663 670 1734 Jam
698 1663 846 1733 Olavus
870 1661 1161 1751 Hjardarboiti
1192 1661 1441 1732 domesticam
1472 1681 1551 1732 rem
1577 1660 1776 1730 instruxit.

158 1795 378 1891 Magnifica
401 1795 475 1864 itta
496 1793 755 1886 brecifacta,
788 1795 940 1864 nullius
957 1795 1058 1862 enim
1081 1806 1169 1866 erat
1204 1794 1341 1888 inopia
1369 1793 1436 1864 rei.
1515 1795 1630 1864 Nunc
1658 1792 1776 1864 Olavi

157 1929 323 2000 multum
341 1941 461 1998 aucta
477 1927 726 2013 existimatio,
754 1926 799 1997 ob
817 1927 965 1996 multas
979 1927 1129 2022 quidem
1146 1949 1224 2014 res,
1253 1925 1361 2017 felix
1382 1927 1483 1996 enirn
1506 1929 1654 1998 Oiavus
1670 1925 1777 1996 ami-

158 2062 267 2152 citia,
289 2086 382 2132 nam
400 2061 544 2156 sicujus
558 2059 727 2132 bominis
744 2083 926 2130 caussam
944 2085 963 2128 e
973 2072 1095 2153 parte
1111 2059 1292 2152 suscepit,
1320 2071 1411 2127 tunc
1428 2058 1586 2154 quilibet
1598 2084 1671 2130 sua
1690 2070 1778 2138 erat

158 2208 263 2266 sorte
282 2206 506 2283 contentus,
523 2206 646 2288 pater
671 2194 790 2264 etiam
805 2216 949 2287 augere
967 2192 1031 2262 illi
1055 2191 1287 2286 dignitatem
1310 2193 1474 2281 studuit,
1487 2191 1666 2288 affinitas
1682 2217 1780 2287 qvo-

156 2355 228 2426 qve
249 2327 609 2424 Myramannorum
635 2329 754 2401 Olavi
780 2337 1020 2422 potestatem
1052 2327 1230 2396 multum·
1249 2322 1507 2421 suffulciebat.
1582 2324 1781 2397 Ho'skuldi

146 2463 330 2556 filiorum
350 2441 825 2558 Olavusgerterosissimus
843 2459 1012 2530 babitus.
1064 2461 1203 2530 Prima
1222 2459 1369 2554 byeme,
1382 2483 1457 2558 qva
1478 2462 1626 2534 otacus
1647 2459 1781 2556 Hjor-

157 2596 341 2700 darholti
350 2595 572 2684 habitabat,
585 2596 702 2666 multi
720 2595 784 2668 illi
792 2595 1070 2689 famuliatqve
1088 2594 1273 2688 operarii.
1299 2593 1526 2664 Domestica
1545 2618 1665 2690 opera
1680 2593 1782 2664 inter

146 2728 406 2824 famulitium
424 2728 567 2814 divisa,
588 2731 658 2800 uni
674 2752 770 2799 cura
794 2727 906 2798 boum
931 2739 1195 2797 castratorum
1210 2728 1331 2798 alteri
1340 2751 1549 2799 vaccarum
1557 2753 1570 2818 ,·
1592 2697 1716 2798 bovile
1739 2725 1781 2794 in

158 2863 313 2958 sylvae
331 2863 430 2933 villa
448 2885 526 2932 non
544 2861 650 2932 nibil
665 2873 863 2931 remotum.
909 2862 1079 2953 Vespere
1098 2863 1264 2954 quodam
1279 2861 1457 2930 convenit
1469 2863 1636 2932 Olaoum
1654 2873 1782 2930 custos

160 2993 289 3080 boum,
298 3015 456 3084 rogans,
467 2993 595 3062 utabii
612 2993 768 3062 cuidam
780 2993 928 3062 bomini
940 2991 1052 3060 boum
1063 2994 1281 3062 custodiam
1291 2995 1500 3087 delegaret,
1513 2993 1586 3064 sibi
1595 3018 1683 3066 aero
1699 2993 1783 3063 aii-

159 3126 267 3224 qvod
281 3125 398 3194 aliud
410 3123 586 3216 officium.
616 3125 766 3196 Oinous
785 3122 906 3192 dixit:
917 3124 1067 3216 placet,
1084 3134 1128 3192 ut
1146 3135 1187 3191 tu
1206 3125 1365 3194 solitum
1385 3125 1455 3194 tibi
1474 3151 1573 3221 opus
1587 3127 1719 3196 adbuc
1741 3125 1781 3193 in

150 3263 342 3353 futurum
359 3256 625 3327 administres.
678 3255 902 3349 Illepctius
918 3253 1029 3344 abire
1051 3255 1204 3326 sevelis
1220 3257 1428 3326 contendit.
1495 3259 1644 3328 Olaous
1663 3254 1785 3326 dixit:

161 3391 311 3486 Aliqua
333 3400 415 3458 tum
430 3387 502 3457 tibi
516 3388 663 3485 objecta
680 3387 874 3458 molestia.
924 3389 1009 3482 Ego
1023 3388 1096 3457 boc
1115 3411 1280 3482 vespere,
1305 3391 1461 3490 qvando
1476 3389 1589 3461 boves
1604 3389 1785 3478 vinxeris,

163 3549 251 3598 sam
268 3535 391 3596 tecum
408 3519 495 3593 &si
514 3535 596 3593 tum
617 3523 792 3616 aliqvam
811 3521 928 3614 liujus
950 3521 1007 3591 rei
1026 3544 1208 3590 caussam
1225 3523 1432 3615 comperio,
1458 3525 1550 3595 nolo
1567 3536 1604 3594 te
1621 3523 1724 3593 banc
1740 3519 1785 3592 ab

165 3682 246 3730 rem
261 3656 471 3750 castigare,
499 3655 561 3724 sin
577 3667 707 3725 autem
722 3653 876 3724 nuliam
894 3655 1100 3748 comperio,
1127 3655 1290 3748 aliquod
1314 3679 1410 3726 sane
1429 3657 1573 3740 senties
1590 3657 1680 3726 inde
1696 3678 1787 3726 ma-

166 3793 261 3862 lum.
315 3789 465 3861 Olaous
483 3800 563 3858 tum
577 3787 736 3858 bustam
752 3798 952 3877 auratam,
977 3811 1092 3884 qvam
1109 3811 1177 3856 rex
1193 3787 1257 3856 illi
1279 3789 1454 3879 dederat,
1482 3789 1621 3860 sumsit
1639 3789 1679 3859 in
1697 3811 1788 3859 ma·-

166 3945 277 4006 num,
304 3923 416 3991 domo
431 3922 569 3993 deinde
589 3943 673 3990 cum
678 3919 842 4010 famulo
856 3913 957 3990 abiit
962 3944 977 4011 ,·
1002 3919 1213 4014 aliqvanta
1231 3920 1320 3990 nive
1339 3932 1446 3992 terra
1466 3921 1679 4017 tegebatur.
1720 3917 1790 3992 Ad

166 4055 294 4128 bovile
313 4065 595 4148 pervenerunt,
638 4055 740 4149 qvod
766 4065 849 4122 tum
873 4064 962 4122 erat
986 4064 1179 4146 opertum.
1261 4053 1410 4126 Olavus
1431 4055 1636 4146 famulum
1666 4051 1791 4125 bovile

169 4187 323 4282 ingredi
332 4186 514 4283 jubebat,
551 4210 621 4280 ego
638 4209 747 4270 vero,
772 4185 918 4281 inquit,
944 4187 1050 4256 intro
1069 4209 1189 4279 agam
1208 4183 1338 4275 boves,
1374 4199 1417 4258 tu
1432 4210 1521 4260 aero
1537 4187 1688 4260 vincias
1704 4209 1792 4258 eos-

106 4345 110 4354 .
170 4321 266 4392 dem.
318 4323 513 4413 Famulus
530 4331 612 4391 tum
615 4309 882 4414 fcres'bovilis
899 4318 1022 4403 odiit,
1060 4329 1141 4422 tum
1158 4317 1226 4388 iile
1244 4319 1382 4390 statim
1399 4319 1440 4390 in
1463 4321 1629 4392 Olavum
1655 4341 1792 4393 recur-

172 4452 299 4524 sabat.
356 4456 507 4527 otacus
525 4453 683 4550 rogavit
701 4454 793 4548 qvid
806 4453 879 4522 boc
898 4451 955 4524 rei
973 4449 1098 4524 esset?
1123 4452 1200 4523 Ille
1226 4451 1349 4524 dixit:
1382 4453 1584 4549 Hrappus
1600 4455 1642 4526 in
1655 4453 1794 4526 baritis

177 4599 289 4657 astat
303 4588 466 4679 foribus
489 4601 620 4682 meque
641 4585 697 4656 ad
722 4610 762 4656 se
788 4608 930 4681 rapere
960 4597 1143 4677 conatur,
1181 4609 1249 4679 ego
1272 4560 1368 4658 vero
1389 4589 1490 4660 satis
1502 4591 1593 4686 jam
1614 4613 1700 4660 cum
1725 4588 1796 4656 illo

179 4719 353 4791 luctatus
370 4747 465 4822 sum.
523 4721 630 4792 Tunc
648 4719 798 4794 Oiuous
814 4717 992 4810 adfores
1000 4719 1331 4814 progrediebatur
1354 4719 1504 4793 directa
1520 4724 1561 4794 in
1576 4725 1796 4816 Hrappum

178 4852 309 4924 basta.
363 4853 565 4953 Hrappus
584 4867 749 4949 utraqve
763 4875 883 4924 mann
889 4849 1048 4943 ferrum
1070 4851 1439 4949 itastoecorripiens,
1463 4858 1620 4950 deflexit
1636 4878 1722 4926 eam
1739 4852 1798 4920 ita
1860 4859 1865 4866 '

178 4999 222 5055 ut
236 4987 488 5064 manubrium
502 4991 770 5084 frangeretur.
828 4987 1100 5061 tumetceu·
1119 4987 1286 5080 infestus
1300 4989 1341 5058 in
1350 4989 1569 5083 Hrappum
1587 4989 1645 5060 ire
1659 4997 1799 5084 parat,

1523 5122 1596 5196 Ns
