4612 5832
732 465 737 472 ’
850 495 1063 611 ..ees-

149 746 296 822 stodire
322 722 499 844 jubebat.
563 733 734 815 Andura
761 737 875 832 fores
908 737 1076 812 intravit
1104 738 1356 833 pervenitque
1389 739 1445 810 ad
1478 742 1618 814 lectum
1653 739 1766 812 illum

148 884 344 968 clausum,
397 879 439 950 in
470 897 540 971 qvo
578 874 756 946 Thordus
788 870 1025 964 dormiebat,
1066 872 1200 967 janua
1236 875 1386 968 quidem
1417 876 1527 968 posti
1562 887 1651 944 erat
1686 878 1766 946 od·-

145 1020 276 1102 mo'ta‚
328 1011 397 1084 sed
434 1033 513 1080 non
553 1005 827 1102 obpessulata,·
879 1003 953 1074 ilia
988 1007 1044 1075 ad
1081 1005 1222 1075 lectum
1255 1007 1427 1100 propius
1465 1007 1646 1097 accessit,
1699 1010 1767 1080 sed

152 1147 331 1218 tuorem
368 1139 577 1236 resupinus
610 1138 748 1236 qvieoit
781 1159 925 1207 somno.
1004 1137 1099 1207 Tum
1132 1136 1305 1208 Audura
1346 1140 1542 1211 leordam
1576 1165 1596 1210 e
1630 1164 1763 1211 somno

147 1277 350 1366 excitavit,
399 1273 467 1346 iiie
492 1297 581 1346 vero
605 1271 647 1342 in
675 1272 784 1341 latus
808 1293 849 1339 se
872 1267 1135 1356 convertebat,
1182 1293 1268 1340 oum
1290 1269 1482 1342 hominem
1507 1273 1641 1346 adesse
1667 1298 1763 1343 cou-
1851 1340 1854 1346 .

146 1409 356 1505 spexisset,
400 1419 479 1479 tam
501 1406 637 1476 stricto
659 1403 800 1499 gladio
821 1401 1017 1473 Ttorctum
1028 1401 1191 1491 scrisit,
1231 1403 1464 1498 multumque
1482 1406 1707 1477 vulneravit
1726 1401 1764 1474 8<

136 1545 297 1637 ferrum
318 1540 469 1638 quidem
492 1539 671 1608 dextram
691 1536 876 1630 tetigerat
893 1548 1008 1630 atqve
1028 1547 1229 1630 utramque
1247 1537 1525 1608 vulneraverat
1541 1561 1761 1626 mammam,

145 1673 498 1770 tantaqoeserrum
513 1671 730 1764 impegerat
746 1667 797 1755 vi,
821 1681 867 1738 ut
887 1669 930 1740 in
952 1669 1050 1739 lecto
1073 1666 1231 1762 denique
1240 1665 1368 1759 finum
1383 1682 1569 1742 maneret.
1608 1669 1761 1742 Deinde

143 1808 314 1884 Andura
333 1807 390 1876 ad
404 1827 536 1901 equum
552 1801 653 1874 abiit
669 1807 825 1896 eumque
838 1799 1060 1872 conscendit
1077 1811 1230 1893 tumque
1245 1802 1433 1874 avolavit.
1477 1802 1666 1890 Thorius,
1677 1823 1764 1870 cum

145 1942 287 2012 vulnus
306 1937 468 2010 sentiret
482 1934 672 2030 prosilire
690 1933 832 2028 voluit,
864 1931 1113 2003 virescentem
1136 1930 1200 2000 iiii
1219 1933 1397 2023 defuere,
1423 1958 1516 2006 narn
1530 1933 1762 2028 prosus-ione

143 2073 348 2167 sangoinis
372 2082 460 2140 erat
485 2065 725 2139 debilitatus.
777 2061 848 2137 Aa
868 2063 952 2134 lues
982 2063 1145 2135 Osoious
1175 2089 1350 2136 esomno
1380 2067 1573 2137 excitatus
1604 2066 1762 2159 rogavit

105 2181 109 2188 Ι
141 2203 237 2300 qvid
251 2201 343 2273 novi
356 2195 591 2271 accidisset?
622 2196 801 2268 Thordus
818 2221 859 2268 se
873 2195 1057 2267 nonnihil
1071 2196 1293 2306 sauciatum
1311 2197 1536 2305 affirmavit.
1572 2199 1760 2302 ⁸'Occisus

140 2356 310 2429 rogans,
337 2357 390 2402 on
413 2332 530 2402 sciret
554 2329 619 2426 qvi
642 2327 755 2400 lzomo
775 2327 888 2398 iilam
906 2329 1071 2398 adortus
1077 2327 1211 2420 fuerit
1216 2381 1230 2417 ,
1256 2332 1427 2400 surrexit
1446 2305 1681 2424 oulneioqve
1697 2328 1760 2398 iili

138 2465 344 2559 deligavit.
386 2465 564 2536 (litardus
581 2462 654 2534 lroo
666 2459 877 2532 Auduram
895 2485 975 2532 esse
992 2484 1072 2532 sese
1090 2460 1252 2554 opinari
1268 2460 1493 2555 affirmavit.
1536 2462 1625 2534 Osci
1632 2485 1698 2532 ouo
1721 2485 1777 2558 se¹

139 2597 256 2666 iiiam
271 2619 363 2690 eqco
374 2593 557 2688 persequi
575 2594 675 2666 celle
701 2593 919 2683 contendit,
954 2619 994 2666 se
1015 2594 1117 2666 enirn
1129 2591 1311 2666 Auduroc
1326 2596 1563 2688 presidium
1580 2595 1759 2688 exiguum

139 2729 249 2824 reri„
263 2729 393 2818 focile
409 2729 539 2822 itaque
555 2728 612 2796 ad
629 2750 801 2826 poenam
824 2727 939 2796 iilam
956 2726 1102 2796 adduci
1123 2749 1248 2820 posse.
1306 2727 1485 2798 Titordus
1506 2729 1616 2798 nullo
1635 2739 1760 2821 pacto

138 2862 199 2929 ita
216 2859 469 2948 faciendum,
497 2857 611 2927 iiiam
634 2860 736 2928 enim
753 2859 854 2954 qvod
871 2857 1064 2939 debuisset
1073 2856 1221 2946 fecisse
1236 2857 1460 2952 affirmavit.
1512 2859 1683 2934 Andura
1705 2859 1760 2929 ad

137 2956 271 3062 ortum
286 2963 381 3058 solis
398 2989 553 3058 domum
569 2987 688 3057 rediit
692 3012 707 3077 ,-
722 2988 882 3077 fratres
894 2999 1099 3080 rogarunt,
1111 2990 1506 3083 qooprosectaesset?
1529 2992 1701 3064 Audura
1719 3016 1758 3062 sc

135 3121 306 3215 Laugas
324 3120 470 3190 venisse
486 3118 644 3212 qvidqve
660 3117 749 3190 novi
772 3118 813 3186 in
838 3117 977 3187 itinere
997 3118 1205 3190 accidisset
1221 3120 1364 3189 docuit.
1416 3123 1757 3214 Iiiifactumiau-

138 3257 250 3340 dare,
264 3251 377 3322 modo
397 3251 541 3335 timere,
555 3275 602 3321 ne
614 3249 803 3344 sufficiens
810 3249 945 3340 fuerit
962 3247 1129 3344 effectus.
1155 3251 1239 3321 Diu
1255 3249 1432 3321 Thordus
1450 3250 1673 3324 oscineriirus
1691 3255 1756 3323 in-

129 3383 273 3478 firmus
283 3382 463 3455 decubuit
471 3393 508 3452 et
510 3383 686 3476 pectoris
694 3381 840 3477 qvtoem
850 3380 991 3452 vulnus
1002 3393 1186 3454 sanatum
1195 3396 1264 3472 est,
1277 3407 1418 3456 manus
1428 3398 1558 3456 autem
1567 3387 1757 3458 vulnero-

140 3529 181 3589 ta
201 3516 313 3588 haud
330 3539 425 3588 sane
438 3533 610 3610 unquam
624 3513 780 3584 omnino
798 3525 855 3584 est
866 3512 1024 3602 refecto.
1043 3513 1122 3582 Per
1132 3512 1305 3607 hyemem
1322 3528 1452 3588 tamen
1470 3519 1601 3598 omnia
1613 3521 1754 3614 quieto.

140 3647 243 3720 Vere
255 3659 386 3718 autem
402 3645 574 3742 sequenti
587 3648 771 3742 Ingunna
787 3644 934 3716 Ttorot
946 3655 1074 3714 mater
1088 3643 1138 3714 ab
1148 3647 1376 3718 occidentec
1387 3650 1662 3749 Skalmornteso
1677 3653 1756 3740 cd-

138 3777 265 3873 venit3
291 3778 359 3851 iiie
374 3790 539 3850 matrem
555 3777 679 3848 amice
694 3778 854 3884 excepit.
879 3778 962 3849 Illa
979 3802 1018 3848 se
1039 3773 1186 3848 Titardi
1193 3782 1436 3874 protectioni
1451 3807 1531 3861 sese
1542 3784 1639 3854 veile
1650 3789 1755 3866 corn-'-

138 3883 572 4005 mittereconflrmcoit,·
595 3891 1624 4004 Kotheiumsibirapinisacoeueyiciisessemolesturn5
1651 3917 1755 3984 mul-

140 4055 222 4112 tum
235 4055 366 4115 autem
375 4040 810 4134 HalisteiniPontificis
824 4039 995 4111 subsidio
1011 4040 1096 4109 niti.
1118 4041 1296 4112 'litardus
1306 4044 1408 4115 itanc
1418 4049 1553 4115 statim
1563 4049 1758 4141 suscipere

141 4197 334 4260 caussam,
360 4201 399 4245 se
416 4175 476 4246 oet
490 4171 970 4258 adversarioHailsteino,
989 4171 1085 4242 istos
1096 4173 1313 4268 suresjur·e
1329 4191 1596 4248 exsecuturum
1610 4179 1755 4273 confir·-

139 4331 262 4397 more,
276 4307 482 4402 statiche
494 4307 536 4376 in
546 4306 621 4376 iter
629 4330 670 4376 se
679 4307 786 4395 dare,
804 4305 872 4376 IX
880 4302 996 4374 sociis
1006 4304 1292 4376 comitantibus.
1302 4306 1305 4313 '
1316 4308 1500 4402 Ingunna
1511 4335 1654 4408 qvoqve
1665 4337 1756 4384 oer-

61 4503 66 4512 .
141 4463 207 4510 sus
222 4443 454 4514 occidentem
463 4463 548 4510 cum
557 4437 629 4511 iiio
635 4437 830 4534 prosecta.
849 4435 1039 4531 Scaphae
1052 4437 1638 4533 Haidauesoproseotusvsrsus
1653 4445 1757 4515 occi-

140 4573 291 4646 dentem
303 4575 359 4646 aci
368 4573 683 4644 Sicimarnesum
698 4593 854 4642 cursum
868 4551 1072 4664 dirigebat.
1093 4570 1271 4640 Thordus
1286 4573 1415 4644 omnin
1434 4589 1527 4647 ruta
1540 4600 1655 4666 caesc,
1672 4601 1755 4674 qocc

140 4702 194 4772 iti
207 4719 333 4778 essent
345 4707 479 4791 matri,
497 4707 553 4776 od
562 4704 692 4780 navim
701 4702 907 4796 deportari
913 4675 1089 4796 jubebat,
1104 4717 1284 4774 armenta
1295 4729 1382 4777 vero
1396 4708 1503 4778 intra
1518 4709 1671 4780 sinuum
1685 4731 1756 4776 ca-

135 4837 227 4932 pitu
239 4837 358 4937 abigi.
377 4837 591 4918 Duodecim
601 4835 786 4936 mortales
797 4833 931 4909 norim
947 4833 1252 4908 conscendebant
1269 4838 1310 4909 in
1320 4837 1439 4936 iisque
1448 4843 1630 4938 Ingunna
1641 4833 1755 4906 &al-
