4590 5844
687 439 1073 606 Tau..

153 735 256 810 enim
281 737 513 812 Tlvorkellus
526 737 655 831 plura
670 737 816 829 jacere
841 733 1007 825 itinera,
1042 733 1080 804 si
1095 733 1139 804 id
1164 733 1356 808 talimotlo
1380 736 1477 830 fieri
1495 750 1642 832 posset.
1703 739 1785 812 Ha

153 872 306 968 qvidem
331 871 443 941 haud
473 871 550 940 cito
576 869 767 966 perfectae
793 881 885 952 sunt
904 890 977 938 res.
1048 868 1278 944 Tltorlellus
1296 872 1360 941 tis
1379 873 1619 967 negotiisacl
1634 884 1786 968 tempus

150 1029 267 1101 usqve
293 1003 633 1099 quadragesimale
667 1004 841 1074 intentus
858 1001 965 1093 fuit,
1008 1001 1171 1097 deniqve
1200 1009 1419 1082 tamenacl
1443 1005 1560 1098 finem
1581 1008 1783 1100 perducta

150 1151 254 1212 sunt.
308 1137 443 1234 Ligna
466 1163 493 1207 a
517 1136 668 1210 boreali
679 1149 802 1234 parte
812 1135 1026 1232 plusqvam
1051 1135 1194 1228 viginti
1211 1140 1316 1234 eqvis
1335 1141 1590 1236 adportavit,
1619 1141 1660 1210 in
1675 1142 1783 1214 Lie-

149 1295 249 1372 eyra
266 1285 399 1344 autem
418 1272 611 1366 deposuit.
663 1273 763 1344 Incle
785 1267 879 1343 navi
908 1267 1020 1362 ligna
1037 1269 1312 1365 Helgasellum
1339 1289 1623 1371 transportare
1647 1287 1781 1348 stata-

149 1420 249 1480 erat.
308 1405 540 1478 slborsteino
565 1430 712 1503 magna
736 1417 824 1476 erat
855 1402 1031 1496 scapha,
1063 1425 1135 1497 qva
1167 1406 1397 1480 Thvrlellus
1424 1409 1485 1480 uti
1509 1409 1780 1502 constituerat,

148 1567 261 1641 qvam
278 1542 434 1612 domurn
449 1538 701 1630 tessaura.
745 1536 975 1611 ttorkettos
989 1559 1067 1632 per
1073 1537 1211 1628 serias
1235 1543 1425 1620 esuriales
1442 1543 1678 1638 Liarskogis
1702 1543 1780 1616 liv-

147 1673 401 1773 spitabatur,·
425 1672 577 1768 magna
598 1673 701 1744 enim
721 1671 758 1742 ei
774 1695 860 1742 oum
875 1683 1042 1766 cognato
1068 1695 1139 1746 suo
1165 1675 1357 1748 amicitia.
1416 1677 1671 1772 Thorsteinus
1692 1701 1780 1748 vam

151 1803 360 1884 'l'lrorlello
379 1811 531 1880 locutus
551 1808 649 1878 utile
665 1803 744 1902 sibi·
756 1804 854 1896 sore
876 1804 1106 1898 affirmavit,
1140 1808 1176 1878 si
1191 1809 1305 1880 ambo
1321 1811 1665 1914 Hjardarltoltum
1692 1833 1775 1882 una

141 1944 318 2042 adirent.
349 1943 451 2016 Volo
467 1941 581 2031 enim,
601 1938 736 2034 inqvit,
753 1961 895 2031 agrum
907 1937 960 2016 ,ab
973 1940 1158 2011 Haldore
1175 1945 1376 2013 emendum
1388 1954 1536 2037 petere,
1553 1942 1776 2015 houdenim

145 2077 210 2148 illi
225 2077 352 2147 multa
377 2087 470 2146 sunt
492 2086 585 2144 ruta
604 2093 705 2144 coesa
713 2123 727 2163 ,
750 2083 959 2168 postquam
972 2073 1212 2165 Bolliiflliis
1223 2099 1304 2170 pro
1317 2088 1493 2170 paterna
1517 2077 1622 2146 cade
1644 2077 1774 2146 mulo-

146 2222 229 2282 tam
250 2209 379 2284 solvit.
439 2208 625 2299 Hicvero
650 2207 863 2303 agentalis
893 2217 970 2295 est,
1003 2207 1153 2302 qvalem
1189 2233 1259 2304 ego
1281 2211 1450 2282 maxime
1467 2211 1672 2305 possidere
1702 2235 1773 2282 cu·
1879 2236 1882 2241 ·

136 2369 287 2443 peram.
317 2341 549 2414 Tltorkellus
564 2341 683 2436 liujus
700 2341 759 2412 rei
780 2338 947 2412 liberam
972 2339 1119 2432 eifeoit
1134 2354 1386 2436 potestatem.
1413 2343 1542 2413 Domo
1565 2345 1656 2415 inde
1669 2325 1773 2439 pro·

131 2478 406 2574 festinumera
420 2474 668 2572 aliquantum
679 2497 805 2570 supra
813 2476 907 2563 XX,
916 2475 1485 2574 Hiardarlzoltumpervenere.
1523 2477 1691 2551 Comiter
1709 2501 1773 2550 eos

141 2606 622 2706 Halcloruseavepit,&in
635 2609 1321 2707 colloquendofminirneparcuserat.
1347 2612 1469 2686 Domi
1485 2613 1772 2685 hautmarum

142 2747 509 2840 aderotliominam,
528 2769 621 2816 nom
631 2743 843 2817 Heldorus
857 2768 947 2813 suos
963 2742 1142 2814 borealia
1164 2769 1298 2817 versus
1317 2747 1358 2818 in
1371 2744 1770 2840 Steingrimsfliirclum

140 2880 318 2964 miserat,
344 2877 398 2947 ibi
416 2879 517 2948 enim
533 2876 704 2965 balano,
725 2901 810 2972 qva
831 2875 895 2946 illi
912 2876 1015 2968 suit,
1043 2877 1085 2948 in
1112 2889 1261 2949 terram
1278 2880 1400 2977 ejecta
1426 2891 1525 2951 erat.
1577 2880 1785 2971 Beineras¹

139 3013 278 3086 Fortis
298 3015 441 3082 aderat
456 3009 582 3096 ‹lomi5
610 3010 678 3079 ille
698 3009 1068 3096 solus-mortalium,
1093 3011 1156 3104 qvi
1166 3013 1280 3105 apud
1288 3024 1450 3107 patrem
1473 3013 1638 3086 Olavum
1652 3016 1771 3109 ‹lege-
1895 3057 1897 3062 ·

139 3157 250 3232 rant,
276 3144 407 3216 adhuc
422 3144 462 3214 in
490 3142 586 3214 vivis
603 3142 706 3234 suit·
754 3141 979 3236 Conspevtis
1003 3142 1234 3215 llzorsteino
1259 3171 1308 3216 ac
1332 3145 1538 3216 levrkello
1558 3145 1773 3218 advenien-

139 3277 678 3352 tibusHaldorusBeinerum
704 3276 762 3348 ita
774 3275 916 3370 fuerat
930 3276 1152 3348 allocutae:
1168 3303 1237 3374 ego
1248 3279 1397 3376 qvidem
1411 3291 1666 3374 cognatorum
1677 3277 1770 3350 bene

137 3412 343 3516 perspiaio
371 3411 579 3508 negotium.
639 3411 711 3483 Illi
733 3422 873 3507 petent
888 3423 932 3481 ut
953 3435 1077 3482 meum
1096 3412 1364 3504 illissunclum
1389 3415 1576 3504 vendam,
1610 3413 1711 3509 qvod
1733 3412 1769 3484 si

140 3548 335 3637 evenerit,
386 3571 447 3618 me
475 3547 533 3614 ael
557 3544 788 3640 colloqvium
814 3568 942 3640 secum
958 3545 1174 3617 evocabant
1199 3543 1237 3620 ἃ
1261 3547 1413 3642 qvidem
1438 3549 1581 3644 opinor
1599 3545 1698 3616 milti
1714 3545 1771 3616 aa

139 3695 343 3776 utramqve
378 3681 487 3748 lotus
515 3702 782 3771 consessurosj
820 3680 967 3756 sivero
998 3705 1058 3751 me
1091 3681 1225 3778 aliqva
1249 3683 1431 3756 molestia
1464 3681 1653 3778 officient,
1688 3692 1770 3751 tum

112 3901 115 3912 ι
134 3830 185 3888 tu
205 3815 317 3885 haud
332 3811 587 3904 supersedeas
602 3811 875 3883 leorsteinvm
891 3813 1058 3897 adoriri,
1085 3836 1154 3907 ego
1168 3838 1258 3888 vero
1271 3815 1521 3887 Tlrorlrellum
1538 3813 1784 3910 aggrediar.=

83 3963 88 3972 ’·
142 3949 203 4024 Tu
219 3943 340 4020 ,nobis
358 3943 537 4040 cognatis
546 3944 614 4014 diu
619 3944 730 4037 fidus
733 3940 904 4036 suisti&
919 3971 989 4040 ego
996 3945 1151 4040 jamacl
1152 3947 1361 4040 proximas
1371 3949 1493 4020 villas
1509 3947 1769 4029 misinantios
1836 3949 1843 3964 ⁸

138 4083 197 4156 ad
212 4079 390 4154 nomines
407 4076 655 4172 colligendos.
706 4079 761 4152 Et
777 4101 873 4148 sane
888 4077 1047 4164 vellem,
1079 4091 1124 4150 ut
1141 4079 1371 4172 eodemjere
1386 4093 1559 4176 tempore
1575 4079 1772 4150 accideret

139 4241 272 4290 eorum
304 4216 500 4286 adventus
540 4203 601 4282 aa
617 4209 713 4305 finis
751 4210 943 4312 colloquii.
1036 4214 1230 4307 Vergente
1255 4216 1486 4294 autemldie
1512 4215 1767 4286 Tliorsteinus

138 4350 297 4448 rogavit
315 4349 557 4439 Halclorum,
584 4358 629 4417 ut
648 4369 775 4416 secum
790 4357 907 4442 atqve
929 4344 964 4417 T
960 4343 1135 4416 lrorlcello
1152 4345 1301 4420 veniret
1317 4349 1373 4418 aa
1389 4348 1635 4444 colloqvium.
1692 4348 1768 4420 Te-

139 4509 226 4558 eum
246 4483 361 4574 enim,
386 4481 524 4578 inqvit,
548 4480 659 4553 nobis
677 4480 874 4576 negotium
892 4491 962 4550 est.
989 4461 995 4470 ¹
1026 4480 1238 4552 Heldorus
1259 4481 1334 4554 hoo
1351 4480 1444 4554 bene
1464 4480 1539 4553 sibi
1563 4469 1771 4560 convenire
1862 4559 1865 4566 ,

137 4615 365 4714 affirmavit.
424 4602 678 4688 Tltorst'einus
696 4613 799 4684 dixit
816 4612 916 4700 suis,
948 4611 1061 4682 lzaud
1085 4637 1281 4686 necessum
1308 4640 1411 4710 esse,
1442 4629 1488 4688 ut
1514 4617 1606 4689 illos
1633 4639 1767 4712 seqve-

138 4762 286 4824 rentur.
338 4732 532 4822 Beinerus
549 4763 680 4821 autem
696 4747 954 4820 nihilominus
973 4757 1127 4818 secutus
1150 4760 1227 4840 est,
1252 4752 1421 4825 multum
1437 4755 1538 4824 enim
1560 4750 1623 4822 illi
1641 4749 1768 4820 visum

138 4896 276 4962 eventa
300 4883 539 4979 probatum,
581 4887 682 4982 qvod
707 4883 919 4956 Halcloras
946 4880 1036 4980 jam
1067 4880 1332 4960 divinaverat.
1404 4887 1581 4960 llaltum
1605 4907 1631 4954 o
1664 4881 1765 4956 villa

1505 5017 1564 5096 ss
