4636 5832
1229 439 1299 512 ΧΠ

470 691 688 825 moribus
731 690 868 782 istius
900 690 1009 808 aeti,
1061 716 1227 812 ‚neqve
1257 685 1318 778 ab
1352 684 1478 782 elata
1509 711 1672 784 mente
1696 701 1913 836 auctoris
1947 700 2063 799 alie·

470 869 601 930 num.
660 832 817 930 Facile
845 865 961 928 vero
991 830 1294 960 intelligitur,
1344 861 1431 924 cur
1459 829 1653 949 clerici,
1698 840 1780 962 qvi
1811 835 2065 968 historiam

469 980 719 1112 religionis
771 978 1102 1071 christianae
1087 1009 1140 1067 ιιι
1185 980 1395 1100 patriam
1434 976 1722 1110 introductae
1768 981 2060 1114 scripserint,

468 1122 866 1234 nefariumistud
884 1143 1072 1240 ..contra
1098 1119 1331 1250 inclytum
1358 1153 1481 1217 verae
1510 1123 1760 1254 religionis
1787 1149 2064 1256 proec'onem

472 1277 723 1402 omiserint
753 1267 1027 1366 consilium
1119 1263 1271 1361 Addit
1300 1289 1535 1394 praeterea
1559 1292 1727 1366 noster
1752 1283 1824 1411 (
1860 1289 1958 1399 172)
1989 1315 2063 1381 re·

467 1449 577 1550 gem
604 1445 694 1543 per
721 1412 1049 1542 speculatores
1080 1411 1140 1506 de
1166 1413 1350 1528 verbis,
1387 1445 1488 1538 qvae
1522 1411 1756 1514 effuderat
1786 1425 2059 1566 hortanus,

468 1566 726 1700 certiorem
759 1558 962 1690 factum,
1022 1559 1156 1653 hunc
1188 1555 1426 1687 postridie
1460 1591 1571 1654 cum
1603 1543 1751 1702 sociis
1780 1570 1834 1659 in
1864 1578 2061 1710 concio·

466 1738 583 1844 nem
622 1737 848 1825 vocasse,
916 1727 1057 1832 atqve
1090 1703 1341 1832 ferociam
1361 1705 1553 1799 consilii
1598 1695 1718 1832 ejus
1738 1710 1931 1810 leniter
1926 1699 2059 1814 satis

466 1831 802 1990 increpantem
845 1849 1082 1946 dimisisse
1125 1853 1364 1981 intactum
1399 1879 1509 1946 cum
1542 1851 1619 1950 his
1648 1858 1838 1996 verbis:
1900 1867 2060 2002 ipsum

466 2005 630 2097 Deum
668 1997 903 2094 affirmare
940 2027 1021 2090 se
1034 1999 1279 2088 neminem
1319 1995 1444 2094 ¹velle
1481 1998 1544 2091 ad
1572 2031 1625 2094 se
1657 2005 1863 2100 invitum
1890 2039 2060 2180 perse-

465 2152 586 2240 nire.
652 2123 780 2270 Mira
807 2173 925 2238 sane
959 2145 1053 2234 isto
1089 2161 1319 2276 tempore
1337 2141 1658 2264 humanitas,
1656 2149 1923 2317 quaecum
1953 2159 2058 2250 vio-

466 2293 635 2408 lentia,
679 2321 743 2383 ne
771 2286 987 2424 dicamus
1019 2286 1374 2404 crudelitatem,
1417 2291 1555 2382 istius
1583 2295 1709 2421 regis
1742 2298 1796 2386 in
1823 2274 2057 2445 religione

462 2413 809 2568 propaganda,
868 2436 953 2530 vix
995 2427 1248 2527 conciliari
1280 2463 1473 2572 posse
1462 2423 1708 2530 videtur.
1759 2441 1857 2536 Sed
1874 2469 2058 2586 tamen

459 2581 671 2694 ,aderant
698 2610 852 2674 causae
884 2600 960 2671 sat
964 2607 1174 2711 graves,
1210 2609 1311 2719 qvae
1343 2578 1472 2673 hanc
1495 2569 1774 2683 suaderent
1786 2617 2057 2721 mansvetu-

467 2707 660 2860 dinem
700 2720 936 2820 intellexit
973 2755 1150 2850 nempe
1178 2753 1283 2840 rex,
1327 2715 1379 2820 se
1415 2723 1670 2834 clementia
1698 2764 1811 2864 erga
1839 2708 2057 2868 hospites

470 2853 839 2970 christianismo
879 2890 1014 2965 tanto
1059 2867 1302 2964 facilius
1288 2900 1341 2959 ιιι
1367 2857 1579 2966 Islandia
1617 2876 1800 2994 aditum
1833 2913 1937 2977 esse
1968 2916 2057 3010 pa-

467 3042 706 3131 raturum;
772 3021 887 3112 satia
934 3001 1095 3109 autem
1146 3035 1337 3136 constat
1378 3047 1542 3144 regem
1576 3024 1722 3113 istum
1758 3055 1862 3118 non
1903 3029 2052 3124 modo

466 3163 804 3296 prudenter
766 3145 854 3255 sed
890 3157 1133 3250 interdum
1173 3129 1346 3249 callide
1362 3155 1402 3274 t)
1435 3167 1785 3290 propagationi
1807 3169 2052 3300 religionis

455 3285 804 3410 ¹consuluisse
876 3306 1073 3392 Summa
1113 3278 1306 3424 quidem
1347 3299 1717 3401 crudelitatem
1750 3313 1928 3413 multos
1971 3352 2056 3414 sae-

461 3461 573 3668 piit,
614 3455 694 3578 qvi
722 3477 853 3542 nova
885 3476 1023 3541 sacra
1057 3427 1307 3538 admittere
1339 3445 1660 3598 noluerunt,
1663 3455 1749 3548 sed
1757 3458 2055 3594 plerumque
2113 3481 2122 3484 “

465 3627 654 3714 meos,
692 3624 811 3728 qvos
843 3587 1078 3684 malarum
1104 3591 1459 3718 superstitionis
1490 3600 1663 3692 artium
1691 3631 1941 3731 suspectos
1970 3611 2056 3705 ha-

464 3721 585 3882 ituit.
662 3742 774 3868 Ipsa
808 3733 1046 3864 denique
1047 3741 1309 3828 Kia'rtani'
1294 3771 1348 3830 ιιι
1378 3717 1593 3838 consiliis
1627 3747 1875 3920 capiendis
1907 3758 2055 3850 auda·
2111 3753 2116 3760 ’

468 3899 568 4009 cia,
629 3893 686 3980 in
716 3870 1011 3980 confitendis
1043 3886 1314 4004 sinceritas,
1376 3891 1481 4020 regi
1512 3921 1748 4020 generoso
1778 3901 1859 3996 vix
1887 3900 2053 4026 displi-

467 4051 682 4142 cuemn't·

605 4178 839 4278 Praeter
867 4129 1068 4272 libros
1051 4209 1149 4302 Jam
1180 4199 1471 4276 memoratos
1489 4186 1701 4280 Kiartani
1728 4195 1911 4288 mentio
1936 4185 2061 4320 ovo.

469 4359 559 4460 qve
586 4327 680 4423 fit
665 4359 719 4420 m
745 4327 949 4424 historia
978 4322 1258 4536 Gunnlaugi
1289 4329 1625 4460 Vermrirngns
1652 4364 1701 4459 p
1730 4357 1782 4455 4,
1841 4342 1895 4466 in
1924 4346 2054 4438 Fost-

465 4553 735 4598 ΗΜ

548 4692 580 4787 *)
602 4689 747 4762 Historia
776 4711 891 4816 regunt
911 4681 1173 4814 Narvegicorupr
1204 4683 1391 4766 aSnorrio
1406 4685 1523 4767 Stnrlae
1554 4685 1625 4770 filio
1630 4699 1843 4809 conscripta
1873 4701 1940 4781 val.
1957 4710 2027 4782 Ι.
2016 4734 2051 4780 ιιι

597 4793 733 4866 historia
763 4799 849 4886 regis
867 4791 961 4867 Olavi
986 4787 1147 4890 Tryggvii
1168 4791 1228 4869 filii
1247 4821 1345 4898 capp
1368 4807 1419 4874 61.
1442 4805 1493 4873 78.
