4612 5838
908 521 1004 602 215

149 773 298 843 dentem
317 791 399 863 per
418 767 724 862 dalingsdotam
741 763 1019 857 iter'fooiam,
1063 767 1114 840 ab
1139 769 1334 844 occidente
1358 796 1450 844 vero
1467 797 1545 868 per
1562 773 1763 848 Soinada-

147 906 227 974 tum
256 899 401 973 redibo.
490 902 574 971 uta
611 898 791 993 rogarit:
836 899 1022 994 quamdiu
1047 902 1126 972 eris
1154 904 1196 975 in
1229 903 1377 977 itinere.
1453 903 1676 1002 Kjortanus
1695 933 1762 982 re-

147 1035 327 1134 spondit:
369 1031 713 1110 Verisimiilimum
746 1041 805 1101 est
827 1042 874 1098 ut
900 1031 1036 1125 quinta
1061 1035 1124 1104 die
1142 1037 1310 1110 redeam.
1365 1027 1481 1108 ‘Nom
1512 1040 1611 1113 mibi
1633 1041 1761 1136 perfi-

145 1171 221 1240 cies
245 1167 392 1265 negotii
418 1159 695 1260 aliquantum?
720 1161 824 1232 dixit
852 1161 1082 1234 Tborballa.
1145 1167 1345 1262 Cognatas
1366 1170 1466 1241 milri
1489 1184 1548 1242 est
1573 1174 1614 1244 in
1632 1175 1760 1245 Saur-

89 1393 93 1400 ,
145 1301 226 1372 boto
249 1299 300 1370 ab
323 1297 556 1369 occidentali
574 1294 954 1391 parteHvitadali,
995 1296 1063 1367 itte
1079 1298 1179 1369 mibi
1195 1323 1378 1394 pannum
1400 1303 1638 1377 semimarcas
1660 1331 1761 1403 pre-

144 1435 201 1503 tio
240 1442 480 1501 constantem
505 1425 714 1524 promisit,
764 1425 868 1497 bunc
900 1427 961 1496 uti
992 1452 1213 1522 reposceres
1247 1455 1295 1502 ao
1324 1445 1448 1503 tecum
1479 1434 1528 1504 ab
1566 1437 1760 1508 occidente

141 1576 377 1660 asportares
399 1561 547 1634 veilent.
606 1561 832 1660 Kjartanus
854 1557 913 1628 ita
931 1559 1073 1650 facere
1091 1562 1290 1656 promisit.
1341 1566 1487 1636 Postea
1514 1567 1759 1639 Tborarinas

137 1701 293 1771 tomum
318 1694 438 1768 rediit
462 1717 513 1764 ac
536 1715 621 1763 cum
635 1694 838 1787 Kjartano
856 1691 1057 1786 proficisci
1075 1696 1256 1789 paravit.
1313 1695 1405 1766 Jarn
1423 1718 1558 1770 versus
1578 1699 1758 1770 occiden-

137 1843 212 1903 tem
231 1853 310 1926 per
330 1831 502 1902 Deserta
522 1823 875 1919 Satingsdaiensia
913 1823 1131 1920 equitantes
1157 1851 1316 1922 uespere
1337 1829 1502 1922 Heium,
1527 1833 1583 1902 ad
1586 1831 1758 1923 fratres,

130 1985 355 2059 pervenere.
423 1962 532 2034 Bene
552 1959 781 2052 Kjartonus
807 1953 862 2024 ibi
890 1968 1094 2049 exceptus,
1136 1958 1219 2028 illis
1244 1959 1345 2030 enim
1363 1931 1463 2032 ‘erat
1484 1963 1757 2038 amicissimus.

142 2093 364 2168 Tborbalto
387 2094 553 2190 Loqrax
573 2091 739 2184 Lougoi
775 2087 930 2158 domum
949 2112 1106 2184 vespere
1128 2089 1257 2160 rediit.
1313 2087 1445 2161 Osoiei
1446 2089 1534 2184 filii
1549 2092 1756 2188 rogabant,

137 2251 229 2326 quos
251 2224 426 2296 homines
448 2248 495 2292 ea
520 2223 583 2325 die
607 2214 872 2292 conuenisset?
906 2219 992 2290 Illa
1015 2221 1258 2312 Kjartanum
1289 2221 1407 2292 otavt
1428 2221 1565 2314 fitium
1587 2226 1636 2318 {se
1661 2249 1757 2296 con-

134 2359 287 2434 venisse
317 2353 544 2450 affirmavit.
602 2351 677 2424 Ita·
695 2347 914 2446 rogabant,
956 2377 1029 2448 qvo
1049 2354 1120 2424 iile
1137 2353 1395 2448 profecturus
1413 2368 1525 2427 esset.
1577 2356 1660 2428 Itta
1680 2357 1757 2428 bac

135 2496 186 2566 de
204 2514 250 2563 re
273 2488 424 2576 omnio,
470 2483 719 2583 qouscieit,
739 2484 896 2575 retulit,
930 2485 1084 2558 dicens:
1129 2483 1473 2582 Nemorum-mibi
1492 2489 1758 2582 praestantior

133 2626 244 2700 oisus
266 2634 344 2712 est,
383 2642 495 2714 quam
515 2619 594 2689 bae
618 2617 701 2690 vioe
711 2615 822 2708 sitit,
847 2639 918 2688 nec
949 2617 1105 2710 mirum,
1130 2618 1167 2688 si
1190 2617 1292 2690 tales
1318 2615 1493 2691 homines
1522 2622 1653 2692 omnia
1679 2621 1755 2692 sibi

134 2754 332 2850 inferiora
359 2752 607 2824 existimant:
640 2751 770 2824 Porro
806 2747 1027 2820 Tborbatia
1050 2751 1107 2821 sic
1133 2748 1289 2820 locuta:
1334 2749 1387 2820 Id
1404 2750 1504 2822 milri
1526 2752 1648 2826 visum
1662 2777 1754 2824 ma·-

131 2889 344 2980 nrfestum,
394 2883 491 2979 qvod
515 2883 740 2977 Kjortenus
767 2879 816 2952 de
853 2879 946 2976 agri
975 2880 1159 2970 emtione,
1210 2903 1294 2977 qoae
1331 2881 1397 2952 illi
1418 2905 1505 2954 cum
1531 2882 1754 2958 Tuos-mino

126 3028 261 3118 pacta
277 3025 377 3086 esset
381 3063 397 3100 ,
424 3011 621 3083 lubentius
645 3011 863 3105 ioqveretur
890 3031 1007 3102 qvam
1028 3011 1077 3082 de
1106 3012 1194 3081 ulla
1215 3011 1302 3082 alia
1335 3035 1389 3086 re.
1468 3015 1663 3086 Gudruna
1686 3039 1754 3090 re-

131 3146 319 3246 spondit:
351 3145 578 3240 Kjartonus
603 3163 700 3210 sone
719 3138 865 3224 arania,
890 3159 973 3234 qooe
999 3141 1080 3236 ipsi
1095 3142 1246 3237 placet,
1282 3143 1476 3214 audacter
1492 3155 1626 3238 potest
1650 3169 1754 3239 per-

129 3273 316 3379 patrare,
359 3285 562 3369 expertum
585 3271 688 3342 enim
715 3281 793 3357 est,
834 3269 949 3341 iilum
983 3273 1089 3342 nulli
1113 3284 1269 3343 tantam
1302 3272 1450 3363 inferre
1479 3273 1754 3369 ignominiam,

131 3427 178 3489 ut
207 3409 353 3505 aliqvis
371 3407 434 3478 vei
456 3400 706 3474 manubrium
730 3401 873 3474 saltem
901 3403 971 3476 teti
991 3403 1033 3474 in
1061 3404 1176 3475 illum
1204 3401 1393 3510 conjicere
1414 3404 1573 3474 studeat.
1635 3409 1751 3480 Gud-

130 3567 248 3620 runoe
271 3565 320 3612 oc
339 3536 569 3612 Thorbotta
586 3532 778 3628 colloqvia
803 3528 842 3603 8<
858 3533 1019 3605 Bottius
1032 3531 1071 3606 8<
1089 3533 1221 3606 Osoivi
1232 3533 1311 3625 filii
1322 3535 1513 3624 aderant,
1539 3536 1603 3608 illi
1613 3564 1752 3635 pauca

130 3671 444 3776 respondebant,
477 3693 525 3742 sa
548 3679 679 3740 tomen
702 3665 765 3736 uti
778 3665 1010 3764 plerumque
1038 3669 1095 3739 ad
1109 3665 1286 3739 Bellium
1310 3665 1591 3740 suscitandum.
1648 3674 1754 3745 Boi.

130 3815 216 3884 iius
238 3831 278 3880 se
298 3804 373 3874 itta
391 3823 469 3872 non
483 3797 624 3868 audire
646 3796 852 3868 simulavit
873 3793 913 3872 8<
939 3799 999 3871 ita
1010 3799 1104 3892 sere
1117 3799 1243 3893 fecit,
1284 3797 1343 3867 ita
1369 3797 1472 3871 enim
1497 3800 1564 3872 iiii
1580 3804 1753 3894 solitum,

129 3939 293 4044 qvando
312 3933 514 4028 Kjartano
535 3926 808 4001 obtrectarent.

771 4151 902 4256 CIP.
916 4167 1126 4256 XLVIII.

342 4289 486 4401 Iertia
515 4327 579 4398 die
586 4326 691 4420 sesti
702 4327 914 4423 paschalis
919 4379 935 4416 ,
958 4329 1182 4419 KJortonus
1195 4323 1298 4396 Hott
1311 4323 1472 4398 mansit.
1522 4323 1679 4401 Multus
1699 4331 1756 4404 ibi

130 4469 247 4540 lusus
272 4483 324 4534 oo
343 4460 500 4533 latitia.
552 4459 860 4558 &quoniamae
873 4458 965 4534 Ano
978 4456 1266 4556 inqvietussuit
1286 4480 1442 4528 somnus
1448 4479 1466 4548 ‚⁶
1497 4457 1567 4532 itte
1582 4487 1605 4534 e
1621 4487 1755 4538 somno

129 4597 333 4672 excitatus
355 4605 594 4690 rogatusque
621 4591 712 4690 qvid
725 4591 967 4664 somniasset.
1019 4592 1098 4664 Ille
1110 4589 1336 4686 respondit:
1361 4591 1404 4666 V
1401 4591 1463 4664 isa
1477 4594 1534 4664 od
1551 4617 1611 4670 me
1626 4563 1757 4672 uenire

129 4728 340 4826 incognita
371 4725 513 4798 mulier
521 4695 537 4816 ,Ι
574 4749 706 4822 meque
731 4737 953 4822 correptum
970 4747 1106 4802 sersus
1133 4725 1327 4819 spondam
1349 4727 1598 4821 protrudere.
1666 4731 1753 4802 Una

132 4864 212 4936 itta
228 4879 350 4933 mano
365 4857 604 4934 macboeram
619 4857 947 4954 otteroJruticem
957 4856 1155 4956 gestabat.
1212 4859 1307 4932 Tum
1322 4857 1522 4932 macbard
1536 4859 1635 4932 mibi
1655 4880 1759 4954 pec-·
