4612 5832
856 457 1068 582 ...2⁹-

164 723 309 794 Olavus
323 717 396 788 lrcc
400 713 510 811 juris
528 712 745 786 nabendum
761 711 994 808 affirmavit,
1030 708 1065 780 si
1079 703 1508 779 mercatoribus'nuuus
1529 717 1624 774 esset
1641 705 1767 776 inter·

154 877 266 948 prem·
292 875 360 946 ego
376 873 466 928 vern
482 847 554 918 lice
571 846 677 930 vobis
695 871 826 932 cerum
843 844 1036 936 ccrzfirmo,
1072 843 1172 937 qnod
1186 841 1228 911 ni
1252 840 1424 933 homiues
1451 837 1511 908 nil
1521 837 1662 906 hostile
1679 861 1766 906 mc-

159 986 327 1072 liuntur,
372 981 440 1050 sed
466 991 594 1048 tumen
622 977 732 1046 nullo
755 977 873 1069 facto
908 977 1050 1048 virium
1073 943 1358 1069 periculones
1395 973 1530 1042 dedere
1553 991 1702 1063 purum
1725 970 1767 1040 in

159 1115 371 1214 animnest.
422 1110 591 1182 Hilerni
620 1121 700 1178 tum
722 1108 928 1190 classicum
953 1131 1110 1193 canere,
1148 1107 1189 1174 in
1214 1130 1356 1202 aqvam
1377 1105 1523 1198 egredi,
1560 1102 1764 1198 navimqve

157 1244 467 1318 cumlicminibus
478 1218 686 1313 subducere
701 1241 820 1333 velle5
846 1265 922 1311 nec*
934 1264 1036 1334 aqva
1053 1250 1140 1308 erat
1154 1237 1277 1307 altior
1295 1262 1409 1330 qvam
1426 1247 1469 1306 ut
1477 1248 1617 1330 pectus
1634 1234 1764 1304 attin-

151 1390 263 1474 geret
277 1390 349 1448 nui
363 1375 583 1446 umbilicum
599 1371 901 1470 procerioribus,
929 1371 997 1441 secl
1011 1383 1139 1440 tamen
1156 1381 1243 1440 erut
1260 1371 1300 1438 in
1319 1393 1364 1440 ea
1381 1369 1538 1452 lacuna,
1568 1367 1631 1436 cui
1648 1366 1763 1437 navis

157 1489 381 1599 innatabat,
398 1532 500 1602 aqva
520 1520 602 1576 iam
618 1509 717 1594 alin,
732 1517 776 1574 ut
784 1505 960 1596 fundum
983 1505 1094 1574 linud
1102 1505 1324 1600 attingeret.
1365 1502 1402 1572 T
1397 1525 1461 1570 um
1479 1500 1627 1570 Olnvus
1640 1497 1763 1567 socios

153 1665 268 1715 arma
290 1641 469 1734 arripere
476 1635 643 1733 jubebat
659 1651 775 1732 atqve
792 1639 893 1708 inter
905 1654 1074 1729 proram
1090 1650 1127 1708 et
1141 1638 1313 1732 puppim
1339 1634 1620 1732 adecdensnm
1640 1630 1763 1700 aciem

154 1772 350 1862 instruxit,
367 1783 411 1840 ut
427 1772 559 1841 omnia
577 1771 726 1865 clypeis
746 1768 1012 1864 obtegerentur
1037 1782 1152 1866 utque
1174 1770 1300 1840 luistae
1328 1767 1461 1861 cuspis
1483 1765 1539 1836 ad
1561 1759 1763 1854 cujuslibet

153 1905 283 2000 clypei
301 1903 515 1996 marginem
525 1902 778 1998 promineret.
845 1902 940 1974 Turn
962 1903 1110 1972 Olavus
1139 1902 1180 1970 in
1201 1925 1368 1995 proram
1394 1901 1452 1968 ita
1468 1910 1647 1968 armatus
1657 1919 1761 1990 pro-

148 2033 421 2132 grediebatur:
446 2036 571 2118 lorica
593 2047 680 2106 erni
704 2035 876 2122 indutus,
897 2033 1018 2127 galea
1036 2031 1383 2127 ,capiteolmurntcu
1403 2031 1566 2124 gladius
1580 2027 1761 2097 inballeo

149 2167 355 2240 manubrio
373 2180 531 2252 aurato,
556 2168 715 2238 hastam
741 2166 946 2236 hamarum
970 2148 1281 2250 manutenebat,
1318 2189 1401 2258 qvae
1424 2188 1444 2233 e
1471 2164 1618 2232 tumulo
1637 2185 1760 2256 qvon-

149 2301 242 2370 da'm
245 2281 583 2394 fuerutclesumia‚
592 2301 770 2396 cujusque
781 2299 931 2368 lamina
945 2310 1033 2367 erat
1047 2295 1137 2366 bene
1154 2277 1371 2391 exsculpta,
1383 2285 1504 2366 ¹rubri>
1514 2287 1593 2366 sese
1610 2293 1761 2388 tegebat

147 2433 287 2528 clypeo
300 2443 444 2502 curedo
474 2434 583 2504 leone
606 2433 803 2503 distincto.
873 2435 955 2520 Qvo
979 2431 1084 2502 omni
1117 2407 1326 2524 apparaiu
1358 2431 1552 2526 comperio
1589 2425 1759 2497 Hiberni

146 2565 286 2636 timore
301 2567 484 2660 correpti,
506 2590 584 2638 non
598 2569 696 2636 adeo
702 2564 871 2656 facilem
889 2563 943 2634 ilii
958 2587 1075 2659 opum
1091 2577 1312 2658 capturam,
1332 2563 1392 2634 uti
1406 2562 1562 2656 opinati
1575 2560 1758 2652 fecerant,

142 2698 227 2780 inm
236 2697 709 2794 arbitrabantur,jnmqne
729 2697 880 2791 repulsi
887 2697 936 2784 in
950 2721 1060 2792 pago
1074 2699 1240 2792 qvcdnm
1256 2695 1605 2790 congregabantur.
1663 2694 1758 2764 Turn

143 2829 184 2898 in
211 2853 344 2898 eorum
367 2833 536 2902 exercitu
563 2852 739 2901 murmur
763 2829 862 2900 oriri
892 2840 1109 2922 certuche
1136 2828 1292 2920 Ιιαύθνί,
1339 2829 1443 2900 lianc
1463 2827 1757 2923 praedulorinrn

140 2984 227 3031 csse
241 2951 564 3031 navim&multo
577 2963 716 3054 plures
724 2951 865 3052 postea
883 2964 1167 3053 expectandus,
1191 2964 1352 3058 jamqve
1369 2963 1452 3056 regi
1470 2963 1624 3030 mittere
1649 2983 1753 3028 nun·
1849 2991 1853 2999 ·

142 3089 266 3180 tium5
302 3091 344 3160 id
358 3095 458 3186 qvod
468 3093 600 3181 sncile
615 3091 751 3180 fiebat,
779 3115 864 3160 cum
879 3115 948 3160 rex
969 3079 1079 3160 haud
1102 3093 1245 3184 procul
1267 3093 1357 3160 inde
1383 3091 1546 3180 abesset,
1574 3091 1755 3163 convicia

138 3221 406 3316 frequentans.
459 3223 536 3293 Ille
558 3223 693 3292 statim
717 3221 916 3292 hominum
939 3223 1192 3316 multitudine
1218 3223 1392 3318 stipatus
1415 3225 1471 3292 ad
1495 3247 1580 3293 eum
1608 3223 1753 3310 locum,

142 3348 208 3420 ubi
225 3363 313 3420 erat
326 3355 452 3444 navis,
479 3377 654 3450 egressus
671 3364 739 3423 est.
791 3353 868 3423 Ille
887 3354 1005 3444 locus,
1020 3355 1086 3424 ubi
1101 3356 1216 3428 navis
1234 3354 1414 3442 natabat,
1433 3353 1545 3425 haud
1558 3378 1653 3424 sane
1665 3365 1754 3424 erat

143 3483 297 3576 longius
314 3509 340 3554 a
356 3497 463 3556 terra
481 3497 650 3556 remotus
664 3509 778 3580 qvam
796 3486 855 3556 itii
871 3499 914 3555 ut
931 3485 995 3566 illi
1011 3488 1076 3582 qvi
1091 3487 1132 3556 in
1148 3499 1254 3557 terra
1272 3486 1530 3577 essentfacile
1545 3510 1630 3556 cum
1646 3510 1753 3558 nau-

142 3613 193 3682 tis
223 3616 327 3710 loqvi
354 3631 528 3712 possent.
596 3619 709 3710 Saepe
731 3616 903 3688 Hiberni
918 3617 1009 3689 illos
1029 3618 1244 3688 missilibus
1272 3620 1449 3712 adgressi
1461 3619 1651 3709 suerunt,
1683 3642 1752 3690 nec

144 3745 293 3816 Olacus
309 3748 397 3820 inde
415 3751 541 3834 ullam
552 3760 760 3843 acceperat
777 3749 937 3819 cladem.
998 3750 1147 3823 Olavus
1166 3753 1224 3820 iia
1239 3763 1431 3840 armatus,
1448 3753 1508 3822 uti
1525 3752 1611 3844 jum
1627 3775 1751 3844 expo-

40 3876 42 3880 ’
140 3876 303 3964 suimus,
327 3881 506 3973 astabat,
542 3882 653 3978 idqce
680 3880 1005 3971 admirabantur,
1028 3906 1144 3977 qvam
1168 3848 1361 3978 augustus
1386 3896 1485 3954 esset
1513 3884 1581 3954 ille
1603 3884 1665 3953 vir
1685 3885 1750 3980 qvi

140 4006 641 4109 hujusnacisgubernator
666 4026 774 4085 esset.
843 4012 960 4084 Olavi
983 4026 1114 4083 autern
1144 4017 1307 4088 navales
1334 4013 1447 4105 socii,
1491 4040 1576 4086 cum
1604 4002 1750 4084 multus

140 4141 282 4248 eqvites
307 4160 468 4240 aspectu
502 4169 597 4217 sane
611 4147 859 4244 fortissimos
884 4145 939 4214 ad
964 4170 1004 4214 se
1033 4145 1121 4216 celii
1138 4147 1507 4256 animudeertereut,
1521 4147 1749 4236 conticuere,

23 4355 25 4360 Ι
137 4275 298 4344 multum
318 4281 421 4348 euim
448 4279 591 4352 virium
611 4281 817 4350 discrimen
845 4278 968 4350 visum
997 4291 1063 4348 est.
1099 4281 1209 4366 'Qva
1238 4281 1284 4349 de
1303 4299 1348 4350 ‘re
1374 4282 1523 4352 Olncus
1548 4303 1633 4348 cum
1659 4301 1748 4346 suos

137 4406 341 4479 mussitare
361 4413 537 4496 audiret,
564 4409 661 4482 bono
679 4435 742 4480 eos
750 4409 915 4506 jubebat
932 4435 1013 4482 esse
1029 4410 1183 4499 auimo,
1206 4412 1298 4506 jam
1311 4411 1412 4482 enim
1435 4435 1596 4482 sucrum
1617 4433 1748 4481 rerum

138 4531 267 4608 laetum
289 4565 371 4613 csse
393 4556 606 4638 aspectum.
663 4543 699 4612 Τ
695 4567 759 4612 um
773 4543 943 4614 Hiberni
957 4567 1084 4639 regem
1101 4566 1213 4612 suum
1237 4545 1562 4642 Myrkjartanum
1586 4545 1747 4615 saluta-

139 4661 240 4738 bant.
318 4677 472 4748 Deinde
504 4677 647 4773 eqvites
679 4687 834 4748 tantum
866 4668 1373 4772 naei'appropinqvabaut
1400 4690 1445 4750 ut
1468 4680 1620 4774 utriqve
1657 4651 1746 4746 suos

139 4793 300 4878 invicem
316 4833 508 4886 sermones
516 4810 723 4906 percipere
746 4810 932 4884 valerent.
995 4809 1080 4880 Rex
1095 4809 1267 4902 rogavit:
1304 4811 1380 4900 Qu·
1403 4811 1515 4884 lzomo
1539 4811 1643 4882 lianc
1667 4829 1747 4876 nn-
