4612 5832
938 471 998 552 83

866 577 1077 592 m

156 739 192 796 te
210 750 287 813 rex,
304 725 378 796 sibi
393 727 561 796 donasse
575 724 719 818 primis
725 719 1073 816 prorumpentibus
1090 718 1457 792 dentibasasseruit.
1487 725 1572 794 Rex
1585 725 1777 796 annulum

155 859 316 962 accepit,
334 871 450 954 atqve
461 851 731 926 intuebatur&
747 856 987 950 tumqoidem
1006 854 1046 922 in
1065 855 1349 949 valtunzultum
1361 855 1524 950 erubuit.
1577 857 1684 930 Dein
1705 882 1773 928 rex

157 989 215 1057 ita
236 992 386 1058 locutas
405 1003 480 1058 est:
509 1012 599 1058 vera
618 990 700 1058 Itoec
713 990 826 1082 signa
843 999 945 1074 sunt,
973 1010 1103 1056 oerum
1126 988 1236 1058 neella
1253 1000 1376 1081 pacto
1397 989 1560 1092 minoris
1575 990 1769 1078 habenda,

157 1147 238 1218 aete
257 1123 297 1192 ia
312 1125 420 1192 vultu
434 1133 580 1214 gestas,
598 1135 816 1192 maternum
830 1143 952 1212 genus
964 1119 1063 1185 satis
1083 1107 1315 1208 indicantia,
1332 1124 1432 1190 unde
1457 1135 1492 1191 te
1510 1124 1773 1194 sotisnoscere

156 1253 256 1324 licet.
317 1255 444 1347 Atque
459 1266 628 1345 propter
645 1253 728 1322 boec
746 1253 862 1346 signa
890 1235 985 1320 sane
1009 1251 1389 1344 consanguinitatem
1412 1267 1521 1324 tuam
1545 1280 1769 1350 agnoscam,

158 1385 293 1472 Olave',
321 1387 429 1476 cujus
444 1385 499 1453 rei
511 1399 729 1478 prasentes
745 1387 809 1456 hie
827 1375 932 1457 aiios
958 1407 1097 1472 omnes,
1122 1407 1318 1478 meumque
1337 1409 1547 1456 sermonem
1566 1389 1770 1458 audientes

154 1541 224 1611 ego
243 1530 357 1588 testes
371 1519 577 1610 compello,
589 1533 740 1612 proeter
755 1503 894 1590 boe'ute
913 1516 1119 1586 cumomni
1139 1528 1205 1586 tuo
1223 1516 1411 1587 comitatu
1427 1521 1483 1588 ad
1495 1543 1619 1591 msam
1634 1521 1771 1590 auiam

153 1649 296 1736 incito,
312 1667 452 1728 [verum
467 1663 557 1720 tuus
582 1652 705 1728 bonos
726 1651 967 1724 inuitetnrlei
984 1649 1309 1744 opinioni,:qvam
1334 1652 1381 1722 de
1398 1663 1435 1720 te
1456 1650 1595 1722 melius
1611 1665 1770 1748 experto

154 1781 396 1886 concipiam·
426 1783 580 1853 Deinde
594 1808 794 1881 rexe'qoos,
812 1782 947 1879 qoibas
966 1780 1214 1872 veherentur,
1232 1783 1378 1852 adduci
1390 1781 1566 1878 jubebat,
1594 1786 1770 1881 virosque

152 1913 207 1981 ad
223 1911 508 1986 subducendam
528 1917 672 2004 navim,
696 1919 929 2006 servandum
941 1911 1410 2023 apparatum(naoalem)
1429 1929 1467 1986 et
1483 1941 1624 1987 merces
1637 1941 1771 1987 eorum

155 2048 343 2116 tutandas
359 2051 562 2142 disposuit.
616 2049 707 2120 Jam
726 2073 794 2118 rex
803 2025 1020 2118 Dubliaum
1038 2073 1130 2144 equo
1149 2060 1289 2137 vectus,
1309 2049 1489 2120 ltaecvero
1505 2073 1566 2122 res
1585 2052 1625 2120 in
1640 2051 1769 2119 mira-

40 2273 43 2284 ,
154 2179 254 2249 culis
276 2179 436 2270 habita,
462 2177 562 2278 qvod
584 2183 685 2276 regis
707 2207 827 2275 nepos
853 2195 971 2278 atqve
1000 2181 1110 2251 illius
1137 2192 1245 2252 natoe
1258 2179 1393 2273 filius,
1426 2165 1511 2278 quie
1526 2184 1769 2284 multisonis

152 2314 498 2386 annisXVannos
515 2317 792 2411 natacaptiva
810 2313 948 2383 ablata
964 2305 1073 2402 esset,
1086 2313 1175 2408 jam
1193 2341 1277 2386 cum
1287 2340 1375 2410 rege
1391 2314 1595 2388 adveniret
1602 2343 1616 2408 ,·
1638 2337 1769 2387 oerum

152 2461 285 2520 tomen
300 2447 727 2537 Memoria-nutricem,
745 2459 829 2546 quse
844 2459 925 2518 tam
942 2449 982 2518 in
998 2447 1095 2518 tecto
1121 2448 1300 2522 decubuit
1318 2443 1356 2522 ἃ
1376 2449 1507 2520 morbo
1525 2445 1771 2521 &senectute

149 2581 322 2676 infirma,
349 2585 412 2659 aa
426 2608 488 2656 res
503 2585 671 2658 maxime
680 2581 896 2671 movebant,
911 2602 1003 2655 nam
1012 2582 1087 2654 itta
1104 2581 1187 2655 sin'e
1205 2583 1343 2656 baculo
1359 2607 1515 2681 egressa
1534 2585 1590 2654 ad
1603 2584 1771 2654 Otavum

148 2717 431 2812 excipiendum.
498 2719 593 2790 Tum
620 2741 687 2788 rex
712 2716 1195 2810 Olavumalloqeebatur:
1227 2719 1309 2792 Hic
1320 2720 1410 2813 jam
1427 2720 1540 2790 adest
1554 2717 1769 2788 Melkorkoe

147 2849 291 2920 nutrix
320 2847 358 2920 8(
388 2875 483 2922 sane
515 2851 656 2944 opinor
681 2851 795 2962 illam
814 2849 941 2962 multa
967 2872 993 2958 a
1016 2861 1051 2917 te
1077 2851 1175 2920 scire
1200 2853 1298 2924 velie
1321 2850 1520 2956 .d⁰,.''²b“.⁸
1542 2849 1770 2971 Mel‘koricoe,

145 2981 277 3052 Iliam
296 2978 760 3073 otacustatusjexceptt,
797 3005 988 3074 anunrqoe
1011 2983 1159 3074 gremio
1187 2985 1391 3078 imposuit,
1426 2971 1607 3080 illiusque
1635 2983 1769 3062 alum-7

148 3135 247 3184 nam
264 3113 305 3180 in
322 3105 510 3183 Isiondia'
519 3103 617 3184 ¹bene
632 3109 824 3184 valentem
841 3112 976 3204 degere
994 3111 1230 3204 affirmavit,
1264 3115 1402 3185 deinde
1420 3119 1568 3187 Oiaous
1596 3115 1658 3183 illi
1681 3114 1768 3182 cul-

153 3257 259 3314 trum
279 3256 396 3338 atqve
411 3244 582 3315 balteum
602 3244 772 3312 tradidit
796 3238 834 3311 8<
858 3267 959 3312 anus
983 3243 1067 3312 baec
1091 3243 1240 3336 quidem
1263 3246 1417 3316 cimelia
1448 3246 1651 3342 cognovit,
1679 3267 1768 3338 pree

151 3377 301 3474 gaudio
317 3376 518 3471 lacrymas
544 3373 767 3472 effundens,
800 3385 916 3468 atqve
935 3373 1038 3444 dixit
1054 3375 1267 3446 Melkarkce
1277 3375 1412 3470 fllium
1437 3393 1649 3473 augustum
1673 3401 1767 3448 sane

154 3511 284 3583 virum
300 3535 393 3594 esse,
404 3531 536 3583 oerum
554 3510 718 3606 bocnon,
728 3505 953 3578 mirandum
971 3531 1056 3578 cum
1069 3520 1288 3579 maternum
1304 3513 1384 3582 tate
1389 3535 1510 3605 genus
1525 3481 1634 3600 esset,
1648 3506 1767 3581 &bac

154 3645 306 3741 quidem
323 3656 407 3714 tota
426 3643 563 3737 hyeme
581 3642 782 3720 satiserat
800 3639 892 3712 bene
926 3643 1071 3714 valens.
1138 3643 1228 3712 Hoc
1246 3667 1323 3736 per
1349 3655 1472 3716 totum
1497 3657 1647 3740 tempus
1673 3641 1769 3712 bru·-

154 3774 261 3844 male
276 3800 344 3882 rex¹
355 3800 505 3872 parum
523 3777 652 3882 quieta
670 3799 762 3844 usus
776 3785 835 3845 est
849 3775 1071 3864 mansione,
1098 3801 1190 3846 nam
1212 3789 1294 3848 tam
1307 3779 1564 3850 occidentales
1593 3775 1767 3872 regiones

154 3876 282 3982 multo
309 3909 408 3978 bello
424 3909 596 4002 insestce,¹
624 3911 693 3978 sed
719 3931 786 3978 rex
807 3931 853 3976 ea
878 3906 1012 3999 hyeme
1039 3905 1260 4000 piratas&
1287 3935 1509 3983 excursores
1534 3934 1559 3979 α
1577 3909 1658 3978 suis
1670 3906 1768 3999 fini-

154 4043 226 4118 bus
245 4041 526 4140 propulsabat.
584 4019 746 4112 ¹Olacas
770 4065 856 4110 cum
883 4040 963 4108 suis
991 4041 1105 4128 sociis
1126 4042 1167 4110 in
1188 4041 1314 4135 ipsius
1333 4013 1435 4138 regis
1450 4043 1544 4113 navi
1560 4041 1706 4132 adsuit,
1732 4032 1769 4107 8(

156 4176 231 4250 itta
262 4177 413 4274 quidem
439 4176 576 4246 cohors
601 4172 706 4245 inter'
726 4173 940 4245 validiores
966 4171 1105 4242 habita
1130 4172 1285 4284 abillis
1310 4173 1532 4270 quibuscum
1554 4194 1769 4244 concurso-

156 4311 270 4383 rent.'
312 4309 348 4380 Τ
344 4333 408 4379 um
428 4332 495 4380 reu
513 4309 761 4402 Olaoiatqve
780 4305 889 4377 iliius
905 4307 1096 4376 sociorum
1107 4305 1327 4400 plurimum
1341 4333 1434 4380 usus
1450 4292 1623 4407 ailoqiio
1638 4295 1771 4378 consi·

158 4445 305 4541 licque,
346 4463 439 4514 nam
471 4443 638 4514 Oiaeam
661 4429 1094 4533 experiebatur'airum
1117 4442 1351 4534 prudentem
1384 4455 1499 4538 atqve
1520 4444 1562 4516 in
1594 4440 1769 4514 amnibus

149 4577 300 4671 sortem
312 4576 516 4674 periculis.
567 4577 720 4670 Hyeme
736 4570 998 4667 cersutflaem
1016 4585 1211 4667 vergente,
1252 4599 1319 4646 res
1345 4575 1519 4650 homiues
1541 4578 1596 4648 ad
1615 4575 1771 4647 concio-

158 4736 246 4794 nem
265 4711 512 4805 convocavit,
530 4710 647 4780 multi
666 4706 719 4777 ibi
730 4706 918 4806 mortales
936 4706 1206 4802 congregaban
1214 4719 1280 4778 tur
1286 4734 1300 4800 ,·
1339 4723 1421 4782 tum
1444 4733 1512 4784 rex
1530 4731 1691 4806 surgens
1710 4706 1768 4774 ita

149 4849 285 4941 jande
299 4867 459 4918 exorsus
470 4856 555 4958 μὴ·
582 4843 690 4914 Satis
705 4851 859 4912 constat
874 4840 1012 4910 ultimo
1030 4854 1218 4916 autumno
1234 4845 1437 4918 advenisse
1458 4847 1582 4919 cirum
1591 4893 1603 4932 ,
1645 4859 1768 4910 areum

1418 4966 1569 5051 'Lu
