4612 5832
848 494 1061 610 ‚jc-9-

144 747 282 816 oestaie
301 737 535 834 proficiscor
559 735 614 810 ad
641 734 737 808 istos
763 757 878 830 sqvos
902 734 1081 807 visendos
1104 729 1142 808 8(
1166 737 1353 809 incertam
1380 742 1527 835 qvidem
1553 758 1629 830 est,
1673 757 1760 817 zcte'r

142 885 317 947 nostrum
337 871 429 942 illos
442 883 540 966 post
557 870 600 939 id
616 881 767 963 tempas
779 890 1034 962 possessuras
1055 868 1118 937 sit.
1188 865 1414 942 Thorleikas
1435 873 1556 946 dixit:
1598 879 1757 946 Facati
1842 923 1845 929 -

131 995 179 1078 'te
193 1007 403 1098 facturam
428 1003 598 1089 minare,
640 1024 709 1072 nec
728 1025 788 1071 ms
807 999 991 1094 pluribus
1011 1001 1232 1095 aggredere.
1291 1003 1400 1073 Talis
1417 1029 1547 1076 eoram
1568 1007 1754 1100 colloqvia

137 1137 237 1230 finis.
290 1134 415 1208 Multi
431 1134 492 1228 qvi
516 1134 687 1203 oderant
710 1131 801 1204 bene
818 1132 1021 1202 convenire
1045 1131 1244 1224 rebantur,
1272 1146 1317 1203 ut
1343 1134 1405 1202 illi
1431 1137 1532 1206 inter
1556 1160 1595 1206 se
1621 1136 1756 1209 litibus

142 1269 424 1340 contenderent.
482 1263 800 1366 Tamecomitiis
818 1265 972 1334 domum
987 1261 1211 1351 discessum,
1253 1287 1320 1334 nec
1333 1280 1485 1358 praeter
1504 1267 1587 1338 liceo
1607 1270 1757 1364 aliqoid

141 1401 230 1472 novi
249 1387 405 1482 accidit.
452 1397 591 1468 Prima
610 1395 693 1465 luce
710 1395 880 1490 alicujus
896 1395 986 1483 diei,
1012 1393 1251 1464 Hrzctstadis
1266 1397 1560 1490 apadHrntam
1579 1400 1756 1470 colonam

138 1527 312 1627 Herjolfi
322 1527 475 1621 filiam,
528 1527 686 1622 qoidam
711 1525 824 1596 bomo
850 1527 965 1608 domo
986 1525 1277 1619 egrediebatur,
1330 1552 1434 1622 qoem
1459 1531 1565 1601 intro
1587 1533 1755 1602 redeun-

140 1677 215 1736 tem
233 1661 392 1732 Hratus
411 1659 584 1755 rogavit,
625 1657 786 1754 anqvid
803 1659 1053 1753 comperisset
1076 1655 1196 1730 novi?
1237 1659 1313 1729 Itte
1338 1672 1470 1750 antem
1491 1686 1530 1732 ss
1557 1662 1649 1756 qvid
1667 1666 1757 1733 novi

140 1797 267 1868 dicere
283 1816 403 1888 posse
430 1791 603 1887 negavit,
643 1803 793 1886 prester
819 1792 920 1886 qvod
940 1789 1132 1860 hominem
1158 1788 1209 1859 oh
1236 1791 1368 1860 altera
1387 1806 1509 1886 porte
1535 1794 1756 1864 Vadlorum

140 1922 369 2023 (Paludem)
384 1923 619 2017 eqvitantem
635 1921 898 2015 conspexisset
906 1969 919 2007 ,
946 1921 1105 1990 eundem
1121 1921 1319 1990 Tnorletki
1333 1947 1443 2016 eqvos
1461 1925 1619 2012 adiisse,
1649 1939 1754 1996 tam-

102 2097 104 2102 ·
140 2084 206 2154 qve
230 2082 275 2128 ex
297 2081 387 2152 eqvo
413 2055 654 2126 descendisse
679 2075 860 2148 eqcosqce
881 2073 1001 2119 mona
1029 2051 1201 2142 tetigisse
1222 2049 1444 2144 affirmavit.
1495 2057 1654 2124 Hratzcs
1672 2071 1753 2128 tam

139 2190 317 2285 rogavit,-
352 2179 728 2281 abieqoisaissent?
770 2184 963 2253 Famulus
977 2181 1202 2275 respondit:
1237 2185 1395 2252 Pascua
1423 2183 1495 2253 sibi
1515 2187 1754 2256 etiamnunc

136 2321 239 2392 bono
259 2322 475 2411 elegerant,
503 2341 595 2386 nom
618 2317 728 2406 infra
749 2323 929 2410 aggerem
951 2314 992 2382 in
1006 2314 1143 2407 protis
1164 2313 1241 2384 tais
1253 2314 1485 2409 pascebant.
1510 2317 1668 2387 Hrctas
1687 2321 1753 2388 di-

135 2453 218 2523 xit:
258 2449 485 2518 Thorleikus
503 2450 650 2544 quidem
666 2460 856 2543 cognatus
873 2457 1023 2535 noster,
1061 2468 1208 2540 param
1228 2459 1345 2516 carot
1370 2446 1435 2516 abi
1452 2472 1600 2540 pecora
1616 2450 1753 2543 pabu-
1798 2545 1800 2550 ,
1846 2519 1849 2532 ,

136 2586 281 2665 lentur,
307 2576 344 2650 8(
359 2581 418 2659 ito
424 2581 515 2674 jam
530 2580 680 2674 quidem
693 2603 807 2672 eqaos
824 2577 986 2650 abactas
1002 2599 1101 2666 reor,
1117 2590 1269 2672 praeter
1286 2579 1396 2648 illias
1413 2580 1627 2656 consiliam.
1658 2582 1753 2652 Tam

134 2717 294 2786 Hratas
310 2711 498 2797 surrexit,
541 2711 697 2781 indusio
715 2724 828 2804 atqve
834 2708 1095 2800 seminalibus
1112 2710 1291 2787 indatus,
1328 2734 1498 2806 canoqve
1513 2713 1753 2806 superindu-

136 2859 200 2916 tas
216 2842 398 2925 amicalo,
419 2843 649 2936 secarimqoe
666 2865 853 2936 magnam
877 2839 1123 2924 obaeratam,
1140 2865 1253 2936 qvam
1269 2865 1336 2910 rex
1355 2844 1564 2912 Horoldas
1579 2843 1615 2913 ei
1634 2844 1753 2914 dede-

134 2958 218 3063 rat,
241 2996 362 3043 rnanu
377 2971 557 3063 gestavit.
594 2970 811 3066 Aliqaanto
828 2973 1087 3042 vehementius
1102 2995 1276 3063 egressas
1292 2949 1613 3071 hominem-infra
1629 2998 1751 3070 agge-

134 3131 219 3180 rem
245 3127 358 3197 eqvos
385 3110 561 3194 agentem
587 3100 796 3192 conspexit.
849 3099 1007 3168 Hrntas
1031 3101 1094 3168 illi
1120 3100 1204 3167 ibat
1233 3100 1381 3172 obviam
1408 3117 1447 3172 et
1473 3095 1623 3198 qo'idem
1650 3105 1753 3172 Eld-

131 3238 305 3332 grimam
324 3257 437 3324 eqcos
458 3255 575 3324 ogere
596 3230 707 3299 vidit.
761 3229 919 3300 Hratas
938 3231 1051 3298 illum
1069 3230 1265 3298 salutavit
1284 3227 1321 3300 8(
1337 3233 1565 3324 Eldgrimzcs
1584 3256 1753 3326 respon-

136 3371 196 3438 dit
224 3363 464 3436 salutationi
493 3373 623 3430 tamen
647 3362 851 3454 aliqoonto
865 3361 1075 3454 frigiditas.
1138 3361 1297 3432 Hratas
1323 3365 1499 3456 rogavit:
1537 3365 1617 3452 Qvo
1643 3389 1752 3460 eqvos

137 3499 293 3592 abigere
309 3489 599 3564 constituisset?
622 3492 851 3586 Eidgrimus
868 3494 991 3563 dixit:
1015 3494 1105 3562 Non
1120 3492 1269 3585 qaidsm
1279 3493 1351 3562 lsoc
1369 3505 1406 3562 te
1422 3493 1555 3584 celabo
1574 3491 1611 3564 8(
1629 3498 1663 3566 si
1682 3511 1752 3568 taa

137 3643 252 3736 atqae
282 3628 318 3698 T
313 3626 480 3698 lsorleiki
503 3623 824 3718 consongvinitos
846 3621 944 3692 milii
963 3624 1120 3718 cognita
1139 3635 1217 3709 est,
1240 3647 1332 3694 nom
1350 3625 1407 3694 ito
1417 3626 1506 3718 jorn
1525 3629 1621 3698 istos
1639 3653 1758 3724 eqvos

138 3722 281 3835 nactos
299 3725 472 3848 somjuc
489 3725 580 3827 illos
597 3777 791 3848 nunqoom
807 3755 843 3824 ei
857 3743 1017 3826 reddere
1032 3767 1177 3826 certam
1192 3755 1255 3844 sit,
1283 3751 1320 3825 8(
1336 3755 1482 3851 qvidem
1499 3783 1565 3846 ea,
1592 3784 1673 3854 qaae
1689 3761 1752 3832 illi

139 3896 182 3964 in
200 3891 367 3964 comitiis
377 3889 568 3985 promisi,
602 3885 693 3958 bens
708 3887 874 3972 servaci,
902 3886 1104 3956 nonenim
1129 3911 1213 3956 cam
1229 3911 1376 3980 magna
1396 3887 1593 3960 hominum
1611 3892 1752 3960 malti·
1814 3933 1820 3942 ·

140 4002 277 4096 tudine
295 4023 434 4095 adveni
457 4023 512 4090 ad
534 4038 644 4114 eqoos
666 4017 922 4087 abducendos.
973 4017 1130 4086 Hrzctas
1148 4018 1250 4086 dixit
1260 4043 1271 4085 .·
1285 3993 1408 4087 'head
1423 4021 1641 4112 gloriosam
1659 4048 1754 4091 sane

139 4169 196 4227 est
213 4179 325 4252 eqaos
342 4153 542 4236 obducere,
575 4148 780 4221 Thorleilso
799 4150 840 4218 in
856 4150 954 4218 ieoto
973 4123 1227 4231 decumbente,
1253 4143 1291 4218 8(
1306 4172 1350 4217 eo
1370 4151 1496 4246 atiqve
1508 4165 1633 4245 pacto
1650 4179 1753 4248 pro-

138 4288 262 4360 missa
279 4305 452 4362 servasse
469 4283 679 4355 censendus
694 4305 747 4370 es,
765 4279 807 4351 'si
824 4279 936 4349 iilum
954 4291 1162 4376 anteqvom
1178 4305 1288 4376 eqvos
1305 4303 1351 4349 es
1368 4280 1440 4352 Isos
1452 4307 1563 4378 pago
1579 4283 1754 4356 obducas

140 4419 350 4494 convenies.
404 4417 475 4490 Cui
489 4414 736 4510 Eldgrimus:
768 4411 1032 4501 sternitum,
1062 4410 1204 4505 inqvit,
1232 4413 1267 4481 si
1281 4414 1431 4507 placet,
1463 4416 1663 4488 certiorem
1677 4419 1753 4508 fa-

142 4551 243 4644 oios,·
287 4551 359 4624 tibi
374 4551 476 4622 enim
501 4570 654 4619 eernere
680 4544 771 4614 licet
800 4566 859 4613 me
883 4543 996 4612 domo
1021 4540 1225 4642 obeuntem
1245 4545 1304 4612 ita
1325 4559 1461 4616 memet
1485 4525 1752 4640 comparasse,

142 4695 187 4751 ut
211 4680 416 4755 Tlsorleiio
432 4704 631 4754 occurrere
648 4679 759 4750 isaad
772 4674 1061 4745 abhorrendam
1079 4685 1176 4744 esset
1183 4699 1197 4764 ,·
1230 4675 1314 4746 haec
1338 4679 1469 4748 dicens
1493 4679 1652 4776 Isostam
1675 4681 1753 4750 iza-

142 4828 304 4909 motem,
330 4839 442 4914 qaam
463 4837 585 4888 manu
599 4808 785 4908 gestavit,
818 4803 1071 4880 concutiebat.
1108 4805 1314 4899 Ceterum,
1341 4811 1625 4906 capitegoleo,
1651 4809 1754 4881 ensis
