4590 5844
905 554 1001 638 307

147 805 265 877 malti
285 817 416 876 noster
431 830 555 878 sermo
569 805 752 877 momenti
769 815 838 874 est.
894 805 1058 899 Cnmqve
1073 805 1219 874 Snorro
1241 799 1488 895 intelligeret,
1516 801 1659 888 omnio,
1686 805 1767 895 qooe

148 940 231 1010 illis
247 939 567 1028 inessentanimo,
578 961 643 1007 eoo
653 949 769 1007 semet
777 938 907 1008 celare
916 938 1026 1013 velle,
1042 937 1126 1030 ipse
1143 949 1271 1006 tamen
1282 936 1553 1030 suspicaretur
1571 959 1634 1002 eos
1647 958 1765 1004 max-

147 1071 220 1142 ime
236 1071 282 1140 cle
301 1070 377 1140 tali
393 1095 434 1140 re
451 1071 566 1166 loqoi,
585 1093 666 1165 qooe
683 1069 904 1162 siperfecta
921 1070 1224 1140 essetmaximos
1240 1069 1422 1138 atterere
1435 1067 1762 1156 foretmolestias,

147 1204 205 1273 ito
231 1204 324 1272 illos
348 1199 503 1298 affatos
526 1215 612 1273 est:
658 1202 752 1271 lam
773 1202 926 1296 qoitlem
947 1225 1018 1294 ego
1039 1204 1243 1297 snspicor,
1277 1224 1347 1271 nec
1368 1225 1582 1293 nagasnec
1609 1200 1765 1270 ludicra

146 1337 286 1405 vestris
303 1335 542 1406 sermonibus
554 1337 784 1428 pleramqve
812 1335 981 1428 agitari,
1018 1358 1086 1404 nec
1114 1359 1183 1428 ego
1206 1335 1434 1404 ¹mirandam
1460 1335 1656 1422 existimo,
1692 1332 1766 1401 etsi
1815 1365 1824 1372 ·

149 1467 306 1561 itafiat.
358 1467 450 1538 lam
473 1492 562 1540 cero
580 1467 656 1536 lzac
676 1467 717 1537 in
740 1492 785 1537 re
795 1466 1188 1562 miltiobtemperatie
1197 1519 1210 1556 ,
1231 1491 1277 1536 ne
1293 1493 1353 1540 me
1374 1468 1505 1537 celetis
1528 1467 1645 1535 istam
1672 1489 1764 1548 rem,

148 1613 241 1670 nam
257 1599 432 1670 omnibns
446 1601 565 1669 simol
580 1601 703 1670 tutior
724 1601 837 1670 nobis
852 1601 932 1670 erit
956 1602 1124 1696 quedem
1139 1601 1380 1670 consultatio
1387 1625 1401 1692 ,·
1438 1611 1636 1694 nonq'vom
1663 1599 1767 1667 enim

149 1757 218 1825 ego
234 1732 489 1821 adversabor,
519 1759 566 1802 ne
574 1730 808 1825 perficiatur
833 1733 897 1822 iel,
929 1759 1001 1828 qvo
1023 1733 1283 1830 colisangeri
1294 1734 1426 1828 possit
1441 1734 1586 1828 gloria.
1644 1733 1686 1804 V
1684 1732 1765 1800 isus

121 1877 125 1886 “
152 1865 358 1936 Thorletko
371 1866 520 1934 Snarro
537 1867 658 1933 istam
675 1885 841 1934 causam
862 1864 956 1933 irene
972 1867 1138 1958 aggredi
1143 1891 1158 1956 ,·
1194 1868 1252 1936 ita
1260 1868 1407 1960 paneis
1410 1821 1664 1960 propositum
1687 1865 1763 1932 clo-

94 2069 97 2074 .
147 2000 229 2068 cnit
250 1999 447 2088 fratrum:
474 2021 537 2090 eos
558 2021 695 2090 nempe
711 1997 821 2082 velle,
848 1998 969 2066 Olaoi
974 1997 1086 2088 filios
1104 1999 1280 2081 adoriri,
1312 1999 1436 2092 eisqve
1458 1998 1593 2091 iniqva
1618 1995 1764 2092 afferre

146 2132 407 2220 conditiones5
449 2153 518 2200 nec
543 2129 617 2198 siti
629 2131 720 2222 jorn
743 2131 821 2200 cim
840 2131 986 2216 deesse,
1023 2099 1558 2224 neab'Olovifillisceqoam
1575 2132 1645 2225 jas
1667 2129 1762 2198 asli-

142 2265 492 2359 piseontar,qvum
512 2262 740 2332 Tleorleikas
754 2263 861 2356 regis
872 2262 947 2330 Ola
955 2262 991 2331 vi
1002 2275 1105 2342 esset
1121 2262 1309 2332 addictos
1326 2263 1498 2350 satelles,
1515 2262 1763 2333 Bolliusan-

108 2447 122 2468 .
146 2411 223 2468 tem
242 2396 348 2466 tanti
365 2396 579 2490 princip-is,
601 2395 731 2489 qvalis
749 2406 853 2464 esset
867 2394 1027 2506 Snorro,
1040 2395 1276 2489 affinitatem
1287 2393 1512 2480 obtinuerit.
1534 2395 1684 2464 Snorro
1703 2395 1762 2463 ita

145 2532 230 2617 fere
238 2529 460 2626 respondit:
478 2553 620 2624 magno
631 2529 861 2599 saneBollii
875 2531 998 2598 coecles
1010 2529 1254 2622 expiataest,
1273 2527 1429 2599 sublato
1443 2529 1601 2622 Helgio,
1615 2529 1761 2597 Hard-

149 2665 251 2735 beini
260 2660 353 2755 filio
366 2659 407 2732 8(
424 2661 558 2732 nimiae
578 2661 728 2757 qoiclem
742 2673 862 2732 antea
877 2674 1025 2732 murare
1040 2663 1172 2762 clades
1193 2663 1323 2732 illatae
1338 2675 1440 2748 sunt,
1466 2661 1590 2757 sijam
1603 2662 1763 2754 ‹leniqve

147 2796 486 2888 eoramfiatfinis.
531 2795 689 2865 Bollias
702 2807 798 2864 lunc
814 2781 1043 2886 respondit:
1069 2795 1158 2888 qvid
1177 2795 1262 2883 lroc,
1280 2796 1457 2864 Snorrol
1479 2794 1540 2862 rei
1561 2789 1647 2862 est?
1670 2785 1763 2861 nam

149 2932 240 3027 qvid
262 2930 392 2997 minem
418 2928 602 3020 jumeris
620 2928 761 2994 alacer
784 2928 829 2995 in
853 2929 1004 2995 atlxilio
1018 2927 1202 3015 ferendo,
1241 2940 1352 3022 atqve
1363 2927 1506 3021 paullo
1524 2939 1643 2995 anteo
1657 2949 1762 3019 pro-

147 3058 320 3160 misisti?
370 3061 498 3129 Haud
514 3083 609 3128 sane
631 3059 860 3128 Tleorleil'us
879 3058 951 3126 tibi
964 3060 1082 3126 istam
1098 3082 1181 3128 rem
1200 3060 1408 3144 retulisset,
1435 3061 1566 3129 simeo
1583 3060 1763 3147 nsnssn-

150 3197 245 3266 isset
265 3193 438 3264 consilio.
489 3193 531 3262 Si
553 3215 640 3261 vero
649 3191 789 3286 Helgii
807 3196 910 3262 coede
922 3191 1050 3262 Bollii
1067 3192 1269 3286 expiatam
1287 3217 1414 3262 censes
1421 3218 1435 3283 ,·
1463 3194 1763 3260 id=sanenotam

150 3325 416 3414 omnibusest,
447 3324 582 3420 Helgii
596 3324 769 3418 pecnnici
794 3349 874 3394 esse
890 3326 1137 3410 restitutam,
1170 3325 1304 3418 patris
1324 3338 1454 3394 antem
1470 3348 1558 3396 non.
1613 3325 1763 3410 Qvam-

149 3490 217 3561 qve
236 3463 382 3532 Snorro
400 3458 655 3553 intelligeret,
681 3483 720 3527 se
739 3457 830 3527 illos
846 3457 1053 3528 dehortari
1070 3459 1242 3552 nequire,
1274 3459 1634 3528 reconciliationem
1660 3457 1764 3524 inter

149 3595 214 3670 eos
229 3619 276 3664 ac
292 3593 411 3664 Olovi
425 3590 530 3682 filios
549 3616 719 3686 qooerere
728 3591 898 3686 paravit
902 3591 1162 3685 potinsqcam
1180 3593 1304 3661 coedes
1325 3590 1625 3679 renovarentur,-
1664 3589 1764 3683 qood

149 3731 297 3828 qvidem
309 3725 469 3816 fratres
494 3725 740 3818 acceperunt.
807 3725 954 3793 Snorro
978 3725 1117 3794 deincle
1142 3725 1479 3819 lljarclarlroltam
1498 3750 1586 3794 cnm
1611 3700 1764 3816 aliqcot

143 3862 430 3962 profeotnsest.
470 3855 1764 3951 Haldornseamhenigneexcepitrogavitqve,ntibihospitaretur.
1870 3867 1875 3876 “

148 4001 297 4088 Snorro
313 4017 353 4062 se
367 3993 520 4060 domum
531 3989 749 4058 rediturum
764 4013 788 4055 α
784 3987 979 4080 ffirmavit
981 4015 998 4079 ,·
1012 3988 1110 4058 milri
1122 4001 1265 4072 antem,
1281 3990 1413 4082 inqcit,
1432 3989 1566 4084 magni
1580 3987 1764 4058 momenti

149 4145 274 4202 tecam
285 4123 485 4221 negotium
501 4133 571 4192 est.
623 4122 722 4192 Inde
739 4144 864 4190 sermo
888 4120 937 4190 iis
962 4134 1080 4190 natus
1096 4117 1137 4191 ἃ
1161 4123 1307 4191 Snorro
1330 4121 1480 4215 qvidem
1505 4120 1666 4214 aperuit
1689 4143 1762 4188 saa

75 4345 81 4355 Ι
148 4261 330 4358 negotia:
355 4283 395 4328 se
411 4257 561 4352 qoielem
582 4254 815 4348 comperisse
825 4255 1001 4328 Bellium
1025 4278 1072 4322 ac
1094 4253 1338 4324 lltorleikom
1359 4253 1471 4323 hanel
1484 4255 1775 4352 amplinsfore'

150 4407 363 4482 contentos,
380 4391 459 4461 nisi
479 4385 595 4462 Ola'vi
606 4386 834 4482 filiiBollii
846 4387 986 4482 patris
1001 4387 1208 4480 expiarent
1221 4389 1374 4463 coeelem.
1413 4387 1497 4482 Ego
1511 4412 1611 4473 vero,
1630 4391 1763 4487 inqcit,

148 4529 353 4625 adqvirere
367 4522 473 4595 vobis
489 4523 595 4600 volni
608 4521 808 4617 gratiam,
834 4521 869 4589 si
871 4521 988 4613 forte
1003 4530 1174 4592 oestrum
1190 4534 1447 4616 cognatorum
1459 4520 1579 4614 finiri
1602 4539 1765 4619 possent

149 4665 293 4734 clades.
352 4656 563 4728 Halclorns
592 4655 655 4726 his
681 4679 758 4726 non
775 4655 1009 4726 adversatos
1039 4654 1098 4723 ita
1122 4655 1342 4760 respondit:
1375 4655 1466 4725 bene
1491 4655 1590 4726 mini
1613 4659 1763 4750 qoidem

152 4803 391 4888 compertam
410 4804 477 4881 est,
499 4791 533 4861 T
530 4789 759 4884 ltorgilsnm,
784 4785 1079 4880 Halloefiliam,
1100 4811 1148 4856 ac
1162 4786 1407 4880 Bolliifilios
1428 4789 1614 4860 statuisse
1627 4805 1764 4862 memet

151 4941 224 5000 aat
243 4929 397 5020 fratres
422 4949 525 4997 meos
543 4923 726 5018 aggredi,
762 4934 967 5021 anteqvom
996 4935 1038 4992 tn
1064 4922 1147 4992 illis
1167 4938 1405 4997 converteres
1424 4923 1658 5014 vindictam,
1692 4949 1763 5020 qvo

1454 5056 1567 5148 (ἐν
