4638 5844
876 495 1094 623 ...ss-⁹...

180 765 222 824 tu
240 777 329 826 vere
346 777 386 823 es
407 751 467 823 vir
486 752 685 822 industria
704 751 890 847 insignis,
929 763 974 820 ot
993 741 1143 822 Koreki
1147 751 1233 845 filii
1258 741 1382 846 parci
1400 753 1512 842 fuere
1545 754 1586 824 in
1609 751 1795 846 operibus

175 885 275 958 mibi
295 883 602 956 remunerandis.
661 885 834 955 Ketiltus
861 886 1022 980 negavit
1046 908 1084 954 ee
1111 883 1288 956 lubenter
1308 909 1393 956 eum
1407 895 1670 984 eupeptu'rum.
1709 881 1795 956 As·-

177 1013 604 1112 bjiirnueeumrogabat
618 1017 850 1110 eeeaperiri.
886 1006 1057 1086 Ketillus
1072 1019 1295 1110 respondit:
1320 1017 1432 1089 leand
1439 1018 1621 1113 expedire
1641 1017 1794 1089 videtur

176 1162 220 1221 ut
237 1149 296 1220 tui
312 1171 435 1220 cauea
455 1148 625 1218 aliorum
646 1149 744 1219 mibi
769 1149 980 1242 conflarem
1005 1148 1245 1218 inimicitias.
1309 1123 1632 1246 CuiAsbjiirnus:
1655 1148 1790 1234 baud,
1826 1191 1830 1204 ·

177 1283 315 1379 inquit,
343 1293 499 1351 tantum
518 1279 589 1351 tibi
598 1282 878 1375 procreabitur
896 1281 1005 1352 mali.
1067 1281 1238 1352 Tandem
1255 1282 1428 1354 Ketillue
1444 1308 1486 1352 ea
1509 1295 1569 1352 eet
1591 1285 1790 1370 deductus,

51 1512 55 1518 Ι
176 1425 219 1486 ut
234 1437 319 1484 eum
334 1413 535 1508 occiperet.
583 1415 678 1501 -Qva
695 1415 844 1509 quidem
859 1439 901 1485 re
919 1427 1117 1509 comperta
1135 1413 1281 1486 Korebi
1295 1413 1580 1506 filiiKetillum
1597 1415 1791 1512 Njardoi-

175 1549 326 1618 tensem
343 1557 623 1634 convenerunt,
666 1547 834 1617 dicentes
853 1547 889 1617 ei
903 1544 993 1641 jam
1019 1545 1234 1616 incumbere
1260 1573 1368 1618 cirene
1392 1568 1445 1618 ecs
1470 1547 1661 1632 aiieunm,
1694 1545 1791 1640 qood

172 1677 392 1776 Asbjbrnue
408 1677 484 1749 eibi
499 1678 763 1761 contraxerit,
802 1701 841 1748 se
862 1701 948 1751 uero
973 1691 1140 1774 propter
1168 1679 1280 1748 iilum
1309 1681 1444 1750 rreultoe
1455 1669 1790 1774 pecuniusecisse

165 1812 381 1908 jacturam·
411 1808 896 1906 Ketiilucqeidemjustam
909 1835 1044 1882 eorum
1054 1835 1217 1882 causam
1227 1811 1443 1905 affirmans,
1456 1837 1496 1882 ee
1515 1825 1787 1904 tamennega-

175 1945 233 2015 uit
241 1967 322 2040 pro
338 1941 536 2034 Acbjiirno
545 1942 759 2037 pecuniam
777 1943 1007 2012 soluturum.
1032 2026 1036 2032 p
1077 1941 1331 2014 Tbietrandus
1350 1967 1483 2014 eorum
1501 1942 1685 2032 interfuit
1699 1942 1787 2040 'cot-

174 2074 312 2170 loquio,
339 2072 567 2170 rogavitque
585 2072 777 2144 Ketillum
800 2075 1046 2144 educatorem
1073 2097 1205 2162 suurn,
1244 2087 1287 2144 ut
1312 2078 1477 2147 solveret
1495 2098 1574 2168 pro
1590 2072 1787 2167 Asbjo'ruo

169 2205 389 2300 pecuniam.
410 2189 598 2278 ¹Ketiltus
611 2205 857 2278 dixitsbaud
871 2231 966 2277 scene
983 2206 1186 2300 quidquam
1204 2208 1376 2298 soloam,·
1397 2207 1628 2302 permittam
1646 2219 1788 2291 tomen,

172 2352 216 2410 ut
227 2341 373 2432 paucio
388 2337 579 2410 adhibitis
594 2335 753 2409 testibus
769 2339 869 2408 diem
895 2340 959 2409 illi
972 2341 1118 2410 dicant.
1192 2337 1445 2410 Ybidrandue
1467 2340 1590 2410 dixit:
1623 2337 1785 2422 Mirum,

171 2475 226 2546 mi
242 2476 362 2564 attor,
378 2445 483 2568 seori
501 2471 734 2544 riderisbac
752 2471 794 2540 ia
819 2495 862 2541 re
876 2471 1069 2542 rationem
1078 2495 1094 2559 ,·
1138 2467 1176 2543 &
1201 2473 1311 2543 uitro
1336 2489 1447 2566 qvam
1466 2471 1705 2566 sperandum
1729 2479 1787 2539 est

170 2609 335 2693 accidet,
360 2607 394 2678 ei
409 2602 599 2676 buicbene
610 2602 842 2699 prospicias
859 2604 927 2674 rei.
986 2603 1080 2676 Tum
1095 2605 1286 2676 Ketitlus:
1310 2603 1425 2689 banc,
1443 2605 1580 2700 inqeit,
1605 2625 1785 2674 causeam

68 2815 70 2820 ,
170 2743 318 2812 acriter
330 2762 457 2833 urges,
473 2737 631 2833 jamque
646 2737 734 2831 equi
752 2736 1003 2808 donationem
1019 2736 1293 2808 remunerabis.
1360 2727 1732 2810 Tttctrandm'uteic
1745 2760 1784 2808 ee

133 2875 145 2894 ⁴
173 2875 217 2946 id
233 2871 482 2968 potissimum
503 2869 769 2956 bortaturum,
795 2869 896 2964 qvod
920 2867 1065 2962 optime
1088 2893 1135 2938 eu
1158 2869 1335 2940 iltius-re
1354 2881 1465 2940 esset.
1533 2870 1601 2940 Ita
1624 2893 1667 2940 re
1687 2879 1782 2938 acta

171 3029 308 3076 rursus
321 3001 465 3075 abeunt
472 3025 486 3089 ,·
518 3001 772 3072 Tbidrandue
790 3023 876 3071 vero
893 2999 1174 3070 Krossaoibam
1188 3002 1320 3095 petiit.
1381 3003 1534 3074 AEetate
1549 3014 1722 3098 sequente
1741 2983 1792 3070 in‘

170 3149 359 3210 conventu
373 3136 535 3232 quodam
545 3132 634 3224 fuit
645 3131 789 3202 Koreki
799 3129 897 3224 filiis
914 3132 962 3200 de
978 3155 1024 3201 ea
1046 3155 1087 3201 re
1106 3157 1247 3222 sermo,
1264 3138 1364 3228 qvod
1373 3137 1635 3226 Njnrdvikam
1656 3146 1783 3204 essent

166 3269 411 3368 profecturi,
449 3279 493 3338 ut
517 3264 713 3360 Acbjiiruo
744 3263 844 3334 diem
868 3263 1060 3352 dicerent,
1105 3266 1141 3334 si
1163 3265 1415 3338 thidrondus
1440 3293 1502 3339 eos
1528 3269 1781 3339 comitaretur

169 3407 317 3477 amicos
340 3402 564 3486 visitatum,
596 3411 678 3470 tum
701 3396 802 3468 enim
824 3419 913 3491 spes
933 3396 1069 3488 adfuit
1091 3399 1248 3494 Ljotum
1266 3425 1330 3472 eos
1348 3397 1579 3474 secuturum'.
1630 3400 1780 3471 Eadem

169 3549 306 3610 aeetote
323 3537 435 3610 navis
451 3533 617 3630 appulit
626 3530 874 3602 Breidaeikoe
880 3579 895 3613 ,
926 3529 988 3624 qvi
1014 3529 1120 3600 iocus
1148 3531 1250 3602 inter
1273 3531 1523 3605 Hucavikam
1547 3531 1585 3606 &
1599 3535 1781 3627 Burgar-

158 3671 332 3766 fi'ordom
358 3669 458 3737 situs
478 3678 547 3736 eet.
605 3665 698 3736 Duo
722 3675 839 3734 erant
862 3663 975 3733 uarie
997 3661 1313 3758 gubernatorem·
1329 3668 1434 3737 alter
1455 3669 1642 3755 Gunnar,
1676 3666 1780 3736 atter

167 3828 256 3878 nero
278 3799 520 3873 bbormodus
536 3797 698 3868 nomine.
751 3795 997 3866 Inootoecum
1026 3795 1110 3866 illie
1135 3797 1401 3870 commercium
1427 3799 1667 3888 babuerunt,
1701 3789 1780 3893 ipsi

167 3959 254 4009 vero
273 3934 314 4004 iu
333 3931 409 4003 bac
424 3942 531 4000 terra
549 3928 765 4024 hospitium
780 3949 949 4021 qvocrere
966 3917 1202 3996 statuerant.
1253 3929 1499 4004 Ketiltuead
1521 3953 1778 4026 navemeqoo
1827 3903 1830 3910 ⁴

167 4080 298 4144 vectus
316 4077 373 4136 eet
389 4057 905 4157 excepitqvegubernateres.
958 4057 1030 4127 Ilii
1044 4080 1132 4130 vero
1146 4058 1202 4128 aa
1217 4060 1299 4154 ejus
1318 4085 1358 4132 se
1372 4030 1624 4134 contulerunt¹
1636 4062 1777 4159 nospe-

167 4205 275 4275 tium.
317 4199 531 4274 Gunnarus
548 4204 637 4266 erat
652 4191 937 4264 rir'admodum
953 4201 1147 4280 strenuus,
1171 4215 1327 4288 magna
1345 4206 1513 4266 etaturoe
1527 4219 1576 4266 ao
1594 4194 1776 4266 robustus

165 4345 394 4430 aspectuqoe
406 4327 710 4427 pulcherrimus.
734 4325 796 4397 Ea
814 4335 952 4396 astate
969 4325 1222 4396 Tbidrandus
1239 4327 1296 4396 ott
1309 4325 1455 4400 Koreki
1458 4323 1572 4419 filios
1583 4329 1775 4424 pervenit,

164 4469 216 4544 ab
231 4469 355 4566 eisque
367 4463 578 4536 admodum
590 4460 751 4555 benigue
768 4471 827 4532 eet
841 4469 1022 4553 exceptae
1050 4453 1089 4528 δε
1112 4445 1259 4553 quidem
1275 4458 1398 4553 apud
1419 4485 1483 4533 eos
1511 4465 1773 4557 pernoctavit.

163 4601 237 4674 tui
255 4611 460 4696 rogarunt,
477 4610 522 4670 ut
540 4596 615 4668 cibi
625 4595 872 4690 permitteret
886 4615 972 4666 eum
988 4591 1490 4688 cantrart,eeqvedteerom
1505 4598 1774 4667 eumcnlturee

164 4733 269 4807 omni
283 4733 424 4804 studio.
485 4732 563 4803 Ille
580 4739 710 4801 autem
725 4727 816 4804 bene
833 4727 995 4822 aceepit.
1076 4725 1171 4798 Τιιπι
1186 4724 1422 4818 fatebantur
1447 4753 1486 4800 ee
1512 4731 1772 4826 NJardoibam

163 4891 305 4942 eumeo
318 4867 581 4962 profecturos,
607 4860 856 4959 utAebjiirno
872 4862 974 4936 diem
988 4862 1170 4936 dicerent.
1210 4859 1461 4936 Tleidrandue
1477 4863 1773 4960 bancaffirma'-

1364 4993 1367 5004 '
1437 4998 1486 5068 ,Λ
1511 5022 1576 5070 aa
