4636 5832
859 463 1067 595 Δ..-

156 727 256 828 qvod
276 723 453 825 quumvis
473 727 646 821 pecunia
668 721 718 797 ab
735 727 940 804 Hiskulclo
959 747 1038 798 nou
1058 724 1141 795 sine
1160 723 1340 793 molestia
1367 739 1677 820 recuperaretur,
1705 738 1772 798 ta-

156 871 241 938 men
260 863 373 933 illurn
389 861 451 932 sui
455 861 618 952 samam
636 860 869 954 relinquere,
898 860 1000 952 qvod
1012 857 1063 927 ab
1079 858 1276 930 Hiiskulcli
1296 859 1419 947 servis
1446 859 1558 929 lzoud
1577 859 1618 928 in
1626 859 1774 954 sugam

157 996 347 1088 conjectus
369 1004 477 1063 esset
530 973 658 1062 Hruti
678 993 773 1062 socii
801 992 1009 1062 discrimen
1025 1015 1105 1060 esse
1125 992 1267 1062 virium
1287 993 1589 1084 contenderunt,
1615 992 1773 1063 Hrutus

150 1129 199 1198 iel
216 1149 407 1198 securare
424 1124 585 1217 negarit
601 1121 639 1195 ἃ
658 1137 803 1220 quanto
809 1126 950 1220 plures
964 1135 1088 1193 essent
1104 1123 1243 1209 hostes,
1263 1135 1375 1194 tanto
1392 1124 1569 1218 turpiore
1584 1123 1722 1194 clade
1708 1148 1774 1193 m·-

157 1235 342 1330 terituros
366 1258 544 1326 asseruit.
606 1258 697 1328 Jam
722 1259 994 1329 Loudalenses
1016 1281 1062 1325 ex
1080 1254 1184 1346 equis
1201 1227 1358 1324 desilire
1381 1280 1490 1350 seque
1518 1259 1573 1326 acl
1585 1255 1775 1350 proelium

150 1411 317 1487 parare.
369 1387 525 1481 Hrutus
542 1413 631 1462 vero
642 1417 732 1461 suos
740 1389 909 1474 hortare,
926 1411 974 1457 ne
990 1387 1132 1457 virium
1148 1383 1373 1458 discrimine
1387 1401 1631 1459 moverentur
1646 1384 1777 1482 &ipse

134 1545 241 1592 eum
253 1519 378 1592 ltoste
401 1543 637 1594 concurrere.
695 1523 833 1619 Capite
850 1523 1057 1618 galeatus,
1101 1522 1279 1590 strictum
1299 1521 1430 1590 altera
1450 1543 1571 1591 manu
1582 1517 1776 1613 gladium,

154 1655 286 1726 altera
306 1654 487 1747 clypeum
514 1657 690 1750 tenebat5
727 1681 927 1727 armorum
951 1679 1022 1724 usu
1049 1653 1442 1743 onsnesontecelluit,
1482 1665 1633 1748 tumque
1660 1645 1784 1720 tanta'

155 1798 244 1858 erat
258 1785 387 1858 Hruti
400 1785 609 1879 ferocitas,
638 1803 682 1860 ut
697 1793 825 1887 pauci
848 1791 961 1860 illurn
984 1812 1089 1882 seque
1081 1788 1292 1858 valerent.
1347 1789 1426 1860 Per
1444 1811 1471 1856 a
1474 1786 1608 1883 liqood
1626 1798 1780 1879 ternpus

152 1931 376 2017 pugnatum
395 1917 445 1991 ab
454 1931 623 2016 utraque
636 1937 759 2017 porte
770 1923 952 2026 sortiter,
979 1919 1086 1992 brevi
1099 1931 1229 1992 autem
1246 1922 1397 2014 experti
1412 1919 1692 1992 muculentos
1702 1915 1783 1989 sibi

157 2077 242 2124 cum
271 2051 415 2148 aequali
444 2051 556 2124 haud
577 2079 658 2125 csse
679 2057 893 2152 negotium,
921 2053 987 2122 ubi
1003 2077 1088 2121 cum
1104 2053 1239 2122 Hruto
1262 2051 1539 2144 conflixerunt,
1580 2051 1778 2122 tamenim

156 2211 233 2258 uno
263 2186 411 2280 impetu
433 2187 530 2259 duos
552 2187 759 2258 occidebat.
825 2191 916 2258 lam
938 2183 1217 2257 Laxdoelenses
1240 2210 1383 2280 pacem
1405 2185 1565 2282 petiere.
1617 2183 1776 2256 Hrutus

154 2320 256 2390 dixit
280 2313 326 2389 se'
345 2314 429 2388 illis
451 2315 549 2391 saue
569 2309 723 2393 veniam
748 2325 954 2410 daturum‚·
998 2331 1079 2389 tum
1109 2317 1461 2389 omnesHoskutdt
1472 2314 1627 2410 famuli
1646 2315 1787 2387 odltuc‘

154 2453 387 2546 superstites
417 2454 567 2544 saucii,
608 2469 776 2551 quatuor
805 2466 935 2524 autem
969 2452 1095 2524 occisi.
1147 2451 1306 2522 Hrutus
1339 2453 1494 2524 doraum
1523 2451 1661 2542 rediit,
1698 2473 1776 2520 non

154 2585 238 2656 sine
255 2586 431 2674 vulnere,
467 2589 578 2659 illius
595 2601 725 2658 autem
741 2589 837 2658 socii
852 2599 924 2656 out
935 2609 1070 2681 pauca
1090 2599 1338 2680 acceperant,
1363 2585 1620 2682 autexperte's
1635 2583 1782 2657 vulne—¹

154 2716 393 2808 recensuere,
426 2720 520 2812 ‚ipse
543 2722 645 2790 enim
664 2721 823 2793 Hrutus
844 2721 1026 2790 maximis
1049 2719 1346 2814 seseperieutts
1368 2731 1614 2815 exposuerat.
1678 2717 1777 2787 Post

152 2849 259 2918 lianc
273 2873 450 2943 pugnarn
469 2853 552 2921 loco
572 2855 838 2922 Orustudalus
854 2850 1017 2945 (pugnes
1032 2849 1171 2949 vallis)
1189 2875 1335 2924 nomen.
1386 2855 1468 2926 His
1473 2851 1652 2949 peractis
1660 2849 1779 2921 Hru-

150 2992 219 3048 tus
244 2991 467 3084 artnentum
493 2985 726 3052 detruncare
741 2983 913 3075 jubebat.
980 2985 1042 3056 De
1057 2983 1263 3054 Hiiskulclo
1279 2999 1557 3076 memoratum,
1583 2986 1780 3082 99041Ρο-

149 3109 365 3203 pulatione
392 3126 603 3206 comperta,
630 3113 842 3183 subitarios
860 3113 1045 3208 colligens
1068 3117 1222 3185 domum
1243 3141 1336 3210 eqvo
1354 3118 1528 3210 uehitur5
1554 3115 1787 3214 eodcmfere'

158 3255 330 3335 tempore
341 3237 493 3330 stimuli
510 3244 663 3314 domum
681 3245 898 3335 redierunt,
926 3271 1109 3342 suamque
1125 3248 1274 3318 cladem
1293 3229 1634 3345 conquerebantur.
1687 3234 1787 3318 Ηύ-Ι

158 3373 321 3444 skulclus
346 3375 403 3444 ad
425 3373 508 3445 lzoec
535 3375 597 3446 iro
623 3375 890 3472 effervescens,
927 3391 1046 3470 negot
1064 3404 1103 3447 se
1121 3404 1146 3448 a
1163 3381 1298 3449 Hruto
1316 3381 1462 3473 saepius
1475 3379 1779 3474 populationem

159 3517 274 3600 atqve
297 3508 456 3610 cladem⁴
471 3523 724 3604 accepturum
751 3505 789 3580 8<
807 3533 883 3604 per
912 3521 1035 3581 tatum
1053 3511 1156 3582 huna
1172 3511 1273 3583 diem
1292 3510 1465 3582 homines
1484 3515 1594 3582 adse
1611 3511 1787 3605 collegit.'

164 3640 260 3708 Turn
274 3664 372 3710 uuor
387 3641 567 3712 lorunua
586 3665 671 3712 cum
687 3641 758 3711 ilio
778 3641 1011 3736 colloquium
1021 3656 1180 3738 petens,
1203 3613 1307 3741 qvid
1321 3646 1410 3739 jam
1434 3645 1640 3716 moliretur
1654 3660 1779 3734 roga-

159 3770 230 3840 vit.
283 3771 358 3842 Ille
373 3776 587 3867 respoudit:
595 3799 753 3872 pareas
772 3776 943 3870 equidem
958 3777 1142 3848 molimur
1159 3799 1220 3848 res
1229 3801 1243 3868 ;
1269 3777 1342 3850 lroc
1359 3790 1490 3852 autem
1502 3777 1618 3856 votae
1632 3795 1780 3844 concu-

157 3903 340 3996 piverim,
357 3917 401 3974 ut
416 3909 461 3978 de
478 3909 573 3978 aliis
585 3909 696 3980 rebus
707 3908 864 4003 potius,
883 3932 998 4004 qaam
1014 3911 1061 3980 de
1078 3921 1300 3980 nostrorum
1305 3909 1556 4004 famulorum
1568 3909 1678 3993 ,ccede
1694 3927 1781 3978 ser·
1827 3947 1832 3956 ·

160 4059 290 4104 mones
292 4037 558 4131 jactarentur
613 4042 792 4112 Jorunna
811 4041 933 4110 dixit:
960 4042 1173 4132 nefandum
1187 4041 1259 4110 ltoc
1272 4055 1328 4111 est
1331 4044 1628 4138 propositum,
1611 4037 1781 4108 sitalem

161 4169 301 4256 virum,
327 4173 457 4267 qualis
474 4187 530 4242 ost
547 4176 793 4267 tuusfroter,
810 4173 1011 4243 occidere'
998 4198 1038 4241 m
1054 4173 1186 4244 animo
1205 4174 1336 4262 habes,
1354 4199 1447 4244 nom
1458 4187 1658 4270 practerea
1676 4182 1798 4258 sunt,·
1871 4223 1900 4256 .,

119 4361 123 4368 ,
162 4301 225 4394 qvi
249 4305 427 4374 Hrutum
450 4307 561 4376 lraud
587 4305 935 4396 immeritosecisse
957 4311 1180 4394 acetument,
1217 4307 1373 4376 etiamsi
1394 4307 1510 4400 prius
1532 4305 1789 4376 hooarmen-ss'

165 4443 244 4503 tum
261 4436 558 4531 abstulisset5
532 4463 623 4535 Jam
640 4463 731 4514 vero
752 4439 825 4510 hoc
842 4438 1095 4529 mantfeuum
1112 4435 1313 4525 reddidit,
1330 4441 1431 4536 qvod
1448 4439 1595 4535 depelli
1608 4439 1737 4509 noluit
1752 4458 1778 4506 a

153 4565 278 4658 justa
296 4575 544 4664 possessione
567 4572 836 4646 haereditaria.
910 4573 1054 4642 Verum
1066 4564 1471 4666 jom'opinorillum'
1495 4587 1574 4646 uon
1602 4571 1674 4646 ltoo
1714 4593 1778 4640 ce-

159 4699 267 4790 pisse
297 4709 504 4784 cousilium
535 4710 619 4780 litis
650 4719 776 4778 tecum
810 4705 990 4798 agenda,
1025 4685 1360 4804 ¹quamolicunde
1387 4718 1528 4780 nactus
1549 4709 1603 4778 sit
1632 4703 1777 4776 auxilii

165 4853 306 4922 spemn
318 4837 544 4944 quibusdam
564 4841 819 4938 optimatum3
856 4861 945 4907 uam
965 4840 1134 4909 relatum
1151 4839 1248 4908 milri
1265 4839 1605 4912 est'clandestinos
1619 4835 1778 4907 nuntios

1562 4973 1581 5042 I
1674 5029 1675 5034 ,
