4590 5844
853 555 1054 672 .st
1152 617 1155 628 .

147 782 365 886 Thorium,
392 803 678 896 eumqveetiam
690 801 918 896 pretiosum.
971 799 1185 874 Conventus
1202 797 1340 884 deinde
1354 799 1515 870 solutus.
1583 801 1760 897 Utrisqve

144 936 258 1023 buius
277 959 406 1004 causes
428 936 535 1004 exitu
555 947 674 1004 aucta
689 934 836 1029 gloria.
939 935 940 938 ’

780 1169 911 1257 CAP.
935 1171 1124 1258 LXXII.

341 1301 439 1402 Hac
469 1344 675 1403 transacta
702 1332 1019 1404 reconciliatione
1047 1357 1225 1427 quumque
1251 1333 1280 1403 Ἰ
1282 1332 1479 1405 lrorleilrus
1505 1334 1678 1405 duas'in
1695 1336 1764 1406 Ise-

146 1465 287 1535 landin
313 1466 467 1560 hyemes
501 1464 727 1552 mansisset,
762 1463 905 1556 palam
916 1466 1022 1556 fecit
1044 1465 1203 1534 Bollius
1229 1491 1268 1536 se
1294 1489 1458 1560 peregre
1480 1467 1762 1559 profecturum.

145 1599 292 1668 Snorro
315 1567 403 1668 eum
428 1597 633 1668 dehortari
657 1589 821 1666 conatus
839 1597 964 1667 dixit:
1004 1587 1150 1668 incer'to
1178 1622 1273 1668 casn
1296 1599 1394 1668 mibi
1419 1599 1571 1670 videtur
1594 1604 1764 1693 pendere

143 1755 206 1801 res
233 1733 418 1824 quomodo
452 1729 525 1800 tibi
554 1731 688 1815 cedat‚·
734 1729 769 1798 si
802 1751 892 1812 uero
923 1730 1104 1822 plurium
1147 1754 1277 1802 rernm
1313 1730 1384 1802 tibi
1415 1756 1497 1802 esse
1526 1744 1763 1826 potestatem

144 1875 275 1956 optes,
311 1860 383 1932 tibi
411 1859 683 1932 babitaculum
709 1860 946 1932 constituam
973 1885 1125 1958 remque
1149 1865 1344 1934 instruam
1354 1863 1628 1953 familiarem,
1672 1889 1763 1936 ma-

139 1995 354 2088 gistratum
383 1995 542 2064 tradam
569 1988 608 2063 8<
645 1993 687 2064 in
709 1991 885 2064 omnibns
914 2005 980 2064 tuo
1012 1993 1155 2064 bonori
1184 1993 1362 2079 studebo,
1408 1997 1506 2089 qvod
1522 1996 1655 2086 facile
1668 1996 1763 2087 fieri

138 2153 257 2222 posse
276 2152 410 2220 spero,
441 2149 553 2220 quum
566 2124 744 2220 plerique
760 2122 901 2196 bonam
916 2125 962 2194 de
977 2137 1014 2194 te
1031 2125 1252 2218 opinionem
1284 2128 1544 2220 conceperint..
1602 2127 1761 2201 Bollius

140 2258 365 2353 respondit:
415 2260 485 2330 diu
502 2234 609 2328 ¹milri
624 2257 716 2348 fuit
739 2258 783 2328 in
802 2256 934 2326 animo
954 2255 1088 2352 aliqva
1113 2258 1194 2328 vice
1216 2260 1416 2328 australes
1444 2259 1559 2330 adire
1577 2261 1757 2355 regiones

140 2415 235 2464 neem
257 2391 432 2484 imperiti
451 2392 678 2486 plerumque
700 2389 918 2479 babentur,
958 2390 1023 2484 qvi
1039 2404 1195 2484 proeter
1207 2392 1433 2462 islandiam
1458 2393 1598 2462 nullas:
1632 2405 1760 2462 terras

141 2525 301 2594 adeant.
356 2524 482 2613 Quum
498 2523 789 2596 SnorroBollio
808 2523 881 2592 boc
897 2533 1046 2592 certum
1060 2547 1142 2595 esse
1171 2525 1422 2620 comperisset
1439 2537 1552 2620 atqve
1569 2525 1759 2598 deborta-

142 2658 289 2728 tionem
311 2655 395 2728 sine
411 2681 585 2729 successu
592 2683 609 2747 3.
640 2656 708 2726 illi
727 2667 885 2731 tantam
909 2657 965 2726 ad
987 2653 1064 2726 iter
1079 2656 1294 2752 pecuniam
1321 2655 1484 2746 obtulit,
1514 2670 1659 2753 qvanta
1682 2657 1761 2750 ipsi

137 2789 330 2884 placeret.
382 2781 541 2864 Bollius
556 2791 724 2862 multam
740 2814 784 2860 se
789 2787 1000 2883 pecuniam
1024 2785 1202 2860 lubenter
1223 2803 1475 2884 accepturum
1496 2787 1759 2880 confirmavit3

142 2922 240 2994 nolo
257 2921 370 3010 enim,
398 2924 530 3017 inquit,
554 2934 627 2994 aut
653 2921 718 2992 bic
744 2932 815 2991 aut
843 2923 958 3015 apud
978 2933 1131 2992 exteros
1152 2923 1304 3018 aliquid
1328 2921 1462 2994 debere
1484 2923 1763 2994 misericordias

139 3055 356 3125 bominum.
391 3054 545 3123 Deinde
559 3052 718 3123 Bollius
726 3053 924 3126 meridiem
939 3077 1072 3126 versus
1086 3056 1141 3124 ad
1152 3054 1479 3148 Borgarsibrdum
1492 3055 1761 3150 atqvestnmen

139 3189 269 3260 Huitd
277 3189 498 3282 profectus,
512 3199 670 3280 partem
681 3184 793 3256 navis
810 3185 1016 3258 dimidiam
1033 3185 1085 3256 ab
1099 3185 1160 3272 iis,
1187 3187 1248 3280 qai
1264 3211 1349 3258 eom
1367 3189 1592 3280 possedere„
1614 3187 1763 3258 coe'mit.

141 3321 267 3394 Navis
287 3322 427 3392 deinde
446 3319 595 3415 utriqve
602 3319 789 3408 fratrum
809 3319 1020 3388 communis
1030 3342 1044 3404 ,·
1080 3319 1342 3389 tuncBollius
1365 3320 1604 3392 occidentem
1628 3343 1761 3391 versus

137 3454 344 3550 profectus
364 3455 529 3526 domum.
583 3451 718 3522 Ballio
734 3475 782 3521 ac
802 3451 1008 3522 Tbordisoe
1021 3449 1315 3542 unafuitfilia,
1337 3477 1475 3523 nomen
1497 3454 1559 3524 illi
1573 3453 1761 3524 Hordisa.

139 3588 191 3666 Ei
208 3587 351 3682 virgini
364 3589 556 3658 Gudruna
581 3585 722 3658 obtulit
743 3584 1021 3658 educationem.
1072 3583 1237 3658 Annum
1259 3597 1358 3656 nata
1377 3585 1650 3680 Helgasellum
1665 3608 1763 3679 per-

139 3721 257 3794 venit.
322 3717 517 3790 Tborclisa
543 3719 666 3788 etiam
687 3717 741 3788 ibi
767 3720 917 3814 scepius
939 3717 1280 3811 commorabatur5·
1308 3719 1451 3792 intima
1472 3721 1674 3790 Guelrunoe
1687 3717 1763 3808 fa-

140 3850 382 3926 miliaritate
400 3875 487 3920 usa.

784 4075 891 4195 Cap.
918 4074 1131 4159 LXXIII.

344 4199 458 4336 Jam
474 4251 628 4336 uterque
634 4237 813 4326 fratremn
830 4238 886 4347 ad
903 4233 1330 4330 rraoimprosecti'sunt.
1352 4237 1686 4310 Ballinsmultam
1702 4263 1766 4308 se-

143 4401 231 4448 cum
238 4375 449 4470 pecuniam
463 4373 610 4444 avexit.
632 4373 722 4442 lum
731 4393 931 4466 paravere
948 4370 1091 4458 navim,
1101 4389 1185 4464 qvoe
1199 4393 1314 4464 quum
1331 4371 1764 4464 omninoessetpnrata,

144 4509 235 4580 vela
247 4508 288 4577 in
297 4509 424 4576 altum
436 4508 589 4578 dedere.
614 4503 894 4596 Haudjansto
913 4505 1104 4588 advento,
1119 4501 1190 4570 diu
1209 4501 1535 4594 inponto·1'actati
1549 4493 1655 4575 sums
1676 4503 1768 4576 An-

146 4655 281 4712 tumno
290 4639 542 4734 ,Norvagiam
550 4639 744 4732 appulere
752 4637 947 4708 borealem
960 4636 1000 4705 in
1018 4633 1318 4740 Tbrandbeimo.
1348 4637 1433 4708 Rex
1446 4640 1591 4710 Olaons
1609 4640 1649 4708 in
1663 4639 1700 4708 V
1701 4638 1766 4708 ika

146 4775 187 4842 in
200 4767 1162 4868 orientali[australi]partemora·batnr,ibiqvead
1171 4767 1691 4874 biemandnrnresprcepnra
1701 4793 1768 4838 ve-

144 4919 227 4975 rat.
254 4903 606 5001 Quumnvesratres
622 4906 809 4975 audirent
822 4927 948 5000 regem
964 4903 1019 4972 ad
1035 4899 1210 4972 borealia
1230 4901 1272 4972 in
1288 4899 1614 4977 Tbrondbeimum
1632 4927 1674 4972 eo
1692 4925 1769 4972 ou-
