4590 5844
838 491 1057 612 ..ses-

115 765 121 776 “
135 745 290 816 tendere
302 739 492 828 statuisti,
507 741 611 811 lianc
626 740 727 816 enirn
744 764 927 815 caussam
945 741 1020 828 illi,
1037 739 1273 814 vehementia
1283 742 1418 838 >tnagis
1433 767 1546 838 qvam
1557 744 1651 834 jure
1668 743 1759 832 del-

122 876 315 970 sendent3
349 888 479 944 tomen
506 886 548 945 tu
570 875 626 944 ad
648 875 939 968 suscipiendam
960 877 1121 946 eandem
1152 875 1328 946 maxima
1359 875 1501 947 videris
1527 877 1760 946 necessitate

132 1011 227 1106 cogi,
254 1005 292 1080 &
309 1033 379 1079 nos
397 1008 544 1102 quidem
559 1005 784 1077 annitamur
796 1007 856 1076 uti
870 1007 953 1078 lsoec
970 1031 1112 1078 caussa
1129 1008 1207 1078 rite
1211 1011 1418 1102 procedat.
1451 1005 1635 1080 Arnorus
1652 1008 1760 1077 mul-

133 1157 215 1216 tam
232 1140 390 1236 collegit
405 1139 604 1211 bominum
618 1139 910 1212 multitudinem
917 1165 931 1229 ‚·
957 1141 1096 1212 deinde
1113 1141 1182 1213 ille
1199 1165 1285 1212 cum
1301 1141 1437 1214 Ballio
1461 1143 1517 1210 ad
1531 1155 1759 1213 conuentum

127 1278 332 1375 profectus
345 1287 415 1346 est.
470 1271 605 1346 Etiam
616 1271 776 1364 fratres
797 1297 883 1344 curn
904 1274 1029 1345 multo
1049 1273 1239 1344 comitatu
1262 1283 1487 1346 concentum
1510 1275 1644 1345 adiere
1670 1276 1758 1344 He-

126 1415 414 1508 granesensem.
451 1403 579 1479 Bollii
597 1404 751 1476 itineris
770 1419 968 1501 comperta
977 1407 1113 1499 fania,
1128 1432 1289 1479 causam
1298 1407 1503 1499 defendere
1519 1419 1757 1477 statuerant.

133 1547 173 1620 V
172 1568 280 1616 erum
300 1541 366 1614 ubi
379 1541 436 1610 ad
450 1549 678 1612 conventum
695 1551 848 1611 ventum
863 1553 933 1630 est,
955 1541 1114 1612 Bollius
1138 1540 1369 1634 Tleorolsum
1386 1563 1573 1610 accusare
1595 1539 1755 1634 occepit,

130 1673 169 1750 8(
182 1673 427 1774 deffendendi
444 1671 645 1746 occasione
662 1669 813 1760 oblata,
833 1673 1081 1747 Tkorualdus
1099 1698 1148 1744 ac
1167 1674 1350 1746 Starrius
1369 1697 1456 1744 cum
1473 1696 1542 1742 suo
1564 1672 1752 1741 comitatu

122 1809 339 1908 progressi,
365 1808 403 1880 vi
420 1801 468 1878 ac
486 1805 719 1902 impotentia
734 1807 913 1878 Bollium
932 1833 958 1878 a
981 1827 1128 1878 caussa·
1139 1809 1333 1901 depellere
1347 1817 1592 1893 statuerant,
1619 1803 1756 1900 quibus

129 1941 347 2039 conspectis
361 1937 546 2011 Arnorns
565 1962 651 2008 cum
669 1963 739 2009 suo
759 1938 949 2012 comitatu
970 1939 1189 2012 intercessit
1212 1940 1368 2014 dicens:
1405 1935 1642 2008 tutissimum
1669 1961 1754 2007 orn-
1853 2001 1855 2008 Α

126 2075 243 2148 nibus
267 2085 326 2144 est
349 2094 504 2143 cavere:
536 2095 584 2142 ne
607 2081 919 2166 tot-praetantes
943 2071 1032 2160 viri,
1057 2084 1148 2168 qcot
1162 2074 1254 2164 jam
1275 2071 1494 2143 intenditur
1516 2071 1752 2166 perieulum,

123 2205 317 2278 molestiis
333 2203 587 2298 implicentur
601 2217 674 2274 aut
691 2230 715 2275 a
737 2228 967 2276 caussarum
983 2227 1144 2276 suarum
1160 2229 1266 2302 aequo
1272 2206 1368 2301 jure
1391 2205 1656 2299 depellantur,
1683 2203 1752 2272 ne'c

126 2363 278 2433 oeqsum
302 2349 361 2408 est
380 2337 611 2429 lborolfum
628 2339 669 2408 in
692 2340 770 2411 tali
795 2362 936 2410 caussa
955 2339 1149 2430 adjuvare
1165 2333 1204 2410 8<
1226 2335 1310 2424 tibi,
1339 2338 1581 2411 lborcalde!
1622 2337 1750 2407 multa

124 2471 166 2544 ui
182 2493 280 2565 opus
293 2471 381 2555 erit,
404 2471 439 2539 si
455 2471 556 2542 eires
573 2473 819 2565 experiendae
835 2483 937 2542 sunt.
989 2471 1081 2542 lam
1103 2472 1349 2544 tnormldus
1366 2495 1414 2540 ac
1431 2469 1610 2541 Starrius
1623 2469 1752 2570 intel·
1834 2537 1837 2544 .

125 2606 252 2674 lexere
267 2603 425 2672 selsaud
439 2571 627 2696 impedire
644 2627 762 2698 posse
778 2627 928 2674 caussae
939 2627 1179 2698 processum,
1197 2604 1309 2674 band
1324 2604 1425 2674 enim
1444 2604 1507 2674 illi
1516 2601 1676 2676 Arnoro
1702 2624 1751 2671 ac

125 2737 238 2806 illius
253 2715 456 2807 'comitibus
468 2758 591 2829 pares
597 2736 718 2827 suere
739 2735 897 2822 viribus,
925 2737 1056 2831 itaque
1078 2735 1285 2806 cessabant
1303 2739 1542 2806 contendere.
1589 2736 1750 2808 Bollins

129 2867 362 2956 Tborolfum
385 2866 693 2950 Gubernatorem
722 2870 762 2938 in
781 2881 970 2939 conventu
983 2868 1297 2964 Hegranesensi,
1313 2867 1431 2936 coedis
1453 2868 1570 2938 Olari
1592 2867 1751 2962 cognati
1839 2943 1841 2946 ,

104 3001 108 3006 ’
123 3000 189 3070 sui
204 3022 310 3067 reum
329 3000 545 3068 damnavit.
571 3041 574 3046 >
606 3002 749 3072 Postea
758 3003 912 3070 domum
927 3000 1037 3070 abiit.
1090 3001 1276 3072 Arnorus
1288 2999 1502 3072 acBollius
1519 3001 1646 3072 multa
1663 3026 1748 3072 cum

122 3131 305 3204 ansicitia
332 3132 602 3206 discesserunt.
663 3133 754 3203 lam
768 3134 927 3206 Bollius
955 3135 1104 3230 quietus
1127 3133 1233 3204 domi
1248 3133 1406 3204 mansit.

728 3373 859 3462 CAP.
909 3375 1145 3460 LXXXII.

334 3495 1747 3641 Tborgrimuserntnornenviro,·eiinllrntaffiirdosubductaeratnavis.

121 3665 601 3763 Eo'Stnrriuspomitante
616 3669 804 3761 Tlsorolfo
821 3695 913 3766 eqvo
931 3683 1060 3744 sectus
1076 3683 1144 3742 est.
1171 3669 1351 3742 Starrius
1364 3668 1666 3768 gubernatorem
1691 3667 1750 3736 ito

122 3799 330 3870 allocutus
346 3811 422 3870 est:
448 3798 610 3894 lsicjam
629 3801 691 3872 vir
708 3804 834 3890 adest,
860 3828 964 3898 qvem
977 3828 1047 3898 ego
1067 3805 1204 3875 vellem
1228 3815 1264 3874 te
1289 3806 1466 3902 excipere
1485 3828 1535 3874 ac
1564 3802 1620 3872 ad
1643 3811 1751 3873 ecte-e

121 3955 194 4003 ros
210 3928 423 4020 abducere;
458 3927 496 4002 8<
514 3945 556 4001 tu
574 3957 717 4028 qvoqve
745 3945 827 4006 tres
853 3935 954 4004 istas
986 3937 1144 4031 argenti
1165 3960 1325 4008 marcas
1359 3937 1539 4032 accipias
1559 3955 1753 4026 meamque

121 4063 348 4136 amicitiam
365 4065 494 4138 simul.
559 4065 814 4160 Tlrorgrirnus
837 4068 1066 4163 respondit:
1104 4068 1195 4138 Hoc
1220 4067 1293 4140 tibi
1305 4069 1493 4164 perficere
1512 4067 1631 4138 'baud
1652 4063 1759 4164 milti¹

123 4199 286 4269 videtur
302 4198 404 4270 citra
421 4199 709 4296 difficultatem,
743 4211 874 4271 tamen
892 4215 1065 4298 propter
1080 4201 1379 4296 flagitationem
1407 4213 1517 4271 tuam
1543 4223 1613 4294 ego
1638 4197 1753 4268 illum

123 4331 340 4426 accipiam,
355 4332 430 4405 etsi
443 4333 519 4407 oiri
533 4333 834 4428 aspectuslraud
850 4335 1016 4406 multam
1020 4335 1111 4430 jati
1123 4333 1403 4432 benignitatem
1420 4330 1598 4405 indicare
1613 4331 1754 4404 videa-

124 4479 207 4536 tur.
252 4466 351 4562 ·lam
370 4467 582 4560 Thorolfus
608 4468 650 4538 in
669 4480 929 4540 mercatorum
947 4470 1171 4542 societatem
1187 4467 1388 4568 persenit,
1411 4467 1594 4540 Starrius
1621 4479 1753 4537 autem

123 4600 190 4670 ita
207 4611 300 4668 acta
322 4623 363 4668 re
380 4601 534 4671 domum
552 4603 680 4673 rediit.
731 4603 795 4673 De
813 4603 951 4672 Ballio
971 4617 1101 4674 autem
1124 4604 1431 4693 memorandum,
1454 4604 1554 4700 qvod
1582 4594 1754 4691 'lffltorolfi
1857 4605 1859 4612 ’

121 4755 313 4802 caussam
330 4735 537 4828 reputanti
563 4735 673 4805 lsnud
693 4735 850 4805 omnino
875 4760 937 4807 res
965 4749 1172 4809 transacta
1194 4733 1423 4829 videbatur,
1466 4740 1501 4808 si
1538 4733 1752 4823 llsorolsus

120 4859 334 4959 effligere&
366 4869 454 4965 jam
482 4892 570 4940 cero
589 4896 673 4943 eum
701 4871 756 4940 nd
780 4895 916 4944 navem
936 4875 1161 4967 pervenisse
1183 4874 1380 4965 audierat.
1440 4869 1594 4946 Bollius
1618 4865 1751 4962 itaque
