4612 5838
879 431 1093 546 ,222-

177 682 391 771 intulerat5
429 677 505 750 illa
529 686 616 752 erat
631 672 728 770 filia
754 675 1129 772 Holmgaungulioti
1146 674 1271 774 (Lioti
1294 664 1486 772 Athletae)
1513 679 1560 749 de
1586 681 1792 776 Ingjalds-

175 817 309 887 sancio.
371 813 542 884 Illorum
557 807 674 900 filius
700 821 789 879 erat
819 808 953 901 Ulsus,
994 811 1059 906 qvi
1092 811 1230 880 deinde
1255 809 1436 879 Haralcli
1464 814 1586 908 regis,
1631 815 1792 909 Sigurdi

162 945 269 1040 filii,
295 944 493 1040 Magister
508 942 599 1033 fuit
620 939 840 1034 officiorum.
893 941 1074 1012 Jorunno
1113 940 1326 1035 Yhorbergi
1346 940 1436 1033 filio
1477 943 1555 1036 Ulfi
1567 946 1656 1036 fuit
1682 971 1790 1019 uuor.

174 1079 342 1149 Illorum
365 1076 481 1170 filius
513 1084 602 1146 erat
633 1073 728 1162 lon,
764 1071 929 1143 Erlendi
956 1081 1096 1169 pater,
1147 1073 1210 1142 cui
1244 1073 1472 1146 Humaldus
1500 1075 1791 1173 filiusEysteni

170 1209 476 1306 Archiepiscopi
506 1218 637 1304 pater.
707 1206 857 1277 olavus
891 1203 1009 1274 coedis
1039 1225 1201 1272 causam
1226 1205 1283 1274 ad
1312 1207 1471 1277 comitia
1507 1209 1788 1284 Thornesensia

170 1341 380 1414 citaverat.
434 1305 626 1434 thurlani
643 1335 772 1427 sunus
793 1338 949 1408 domurn
979 1331 1269 1428 deportandum
1301 1362 1350 1407 cc
1383 1339 1550 1410 tentorio
1584 1346 1787 1436 tegendum

170 1475 347 1562 curauit5
369 1473 522 1544 nullum
545 1471 646 1542 enim
676 1479 756 1540 tum
783 1469 826 1538 in
849 1463 973 1539 Dolis
998 1467 1186 1559 templum
1211 1479 1447 1542 exstructum
1474 1484 1571 1542 erat.
1640 1476 1786 1548 Olavus

168 1615 301 1674 autem
326 1603 394 1673 ubi
418 1603 624 1699 comperit,
679 1601 967 1685 Tborsteinum,
1019 1601 1158 1670 nuntio
1193 1601 1331 1672 statim
1363 1603 1594 1694 excitatum,
1642 1609 1786 1679 multos

168 1734 369 1829 collegisse
393 1737 498 1809 uiroc
526 1737 694 1828 idemque
720 1733 762 1806 V
760 1733 983 1803 iddalenses
1001 1731 1160 1824 fecisse,
1195 1732 1263 1802 ille
1289 1758 1433 1830 qvoqve
1458 1761 1479 1804 e
1514 1747 1598 1806 totu
1619 1740 1784 1834 regione

165 1867 337 1938 Dolensi
378 1869 484 1941 ciros
519 1868 576 1936 ad
614 1889 653 1938 se
691 1864 927 1938 conuocari&
1006 1863 1162 1956 Magna
1199 1864 1274 1932 illa
1308 1867 1536 1936 mortalium
1559 1871 1781 1944 multitudo.

163 1997 287 2070 Hanc
319 2013 444 2077 totam
477 1997 673 2070 cobortem
703 1997 849 2068 Olavus
881 1993 991 2066 misit
1018 1975 1182 2087 Longas
1218 1995 1277 2064 ita
1303 1997 1479 2067 locutus:
1523 1997 1608 2069 lroec
1634 2003 1782 2096 quidem

163 2155 252 2203 mea
278 2133 465 2204 uoluntas
492 2141 571 2219 est,
620 2141 664 2199 ut
690 2129 825 2201 Bollic
850 2127 962 2198 baud
985 2127 1115 2198 minus
1150 2126 1238 2197 citis
1265 2127 1417 2197 auxilio
1443 2153 1557 2224 quam
1581 2130 1697 2220 milri,
1744 2133 1782 2203 si

163 2265 231 2337 illi
252 2286 351 2358 opus
362 2261 515 2360 fuerit2·
564 2260 755 2333 bocenim
776 2285 863 2334 mea
879 2262 970 2352 fert
996 2259 1152 2355 opinio,
1193 2260 1293 2353 qvod
1316 2260 1411 2350 ciri,
1451 2261 1516 2357 qvi
1539 2273 1651 2332 extra
1677 2263 1781 2336 leuno
1866 2259 1867 2262 '

155 2419 314 2492 pagum
338 2406 429 2464 curet
464 2405 501 2466 et
530 2391 641 2464 nobis
672 2392 776 2466 breui
810 2391 1046 2476 adveniant,
1081 2390 1254 2484 aliquam
1280 2415 1443 2462 suarum
1470 2395 1627 2464 cladum
1654 2395 1777 2466 resti-

163 2527 354 2598 tutionem
380 2539 600 2620 reposcant.
663 2527 765 2598 Hoec
791 2537 921 2596 cutem
947 2547 1062 2620 quum
1096 2523 1156 2592 ita
1182 2535 1308 2593 essent
1329 2525 1532 2612 instituta,
1574 2525 1778 2600 Thorstei-

159 2681 238 2730 nus
265 2681 349 2730 curn
376 2659 491 2730 sociis
518 2679 566 2732 ac
595 2661 637 2734 V
634 2659 857 2730 iddalensee
891 2647 1080 2727 aduenere
1115 2667 1267 2749 tumque
1302 2655 1366 2724 illi
1391 2667 1509 2725 erant
1522 2656 1776 2747 ferocissimi.

158 2791 315 2863 Rullus
348 2791 574 2862 Gudmundi
600 2789 736 2883 filius,
775 2812 824 2858 uc
854 2788 1007 2858 Kalvus
1037 2784 1217 2880 Asgeiris
1232 2785 1366 2879 filius,
1418 2787 1595 2859 Bellium
1631 2794 1778 2887 adgre.

133 2922 346 3012 ‚diundum
374 2920 571 3015 Osoioiqve
585 2919 698 3011 filios
723 2921 964 3015 quarendos,
995 2942 1110 3012 usque
1136 2918 1229 2988 dum
1262 2919 1551 3014 reperirentur,
1577 2945 1756 2998 censuere
1763 2977 1776 3018 ‚

160 3063 276 3146 atqve
299 3064 538 3152 negauerunt
563 3051 655 3120 illos
680 3075 701 3119 e
722 3073 832 3144 pugo
852 3049 1055 3142 profectos
1077 3073 1167 3118 esse.
1220 3051 1295 3121 Sed
1320 3074 1431 3143 quum
1454 3053 1599 3121 Olacus
1626 3057 1676 3125 ab
1704 3060 1776 3130 iti-

160 3206 253 3256 nere
284 3184 450 3253 multum
480 3183 777 3269 dehortaretur,
834 3179 965 3274 nuntii
991 3178 1288 3274 reconciliantes
1323 3179 1632 3270 intercedebant,
1681 3211 1775 3281 qvo.

158 3341 248 3389 rum
278 3317 428 3410 quidem
451 3314 647 3408 negotium
678 3312 792 3407 apud
824 3311 1001 3381 Bellium
1038 3309 1129 3380 bene
1158 3311 1370 3403 processit3
1418 3311 1486 3380 ille
1507 3315 1609 3384 enim
1626 3342 1707 3411 pro
1735 3347 1775 3392 se

160 3449 283 3519 totius
310 3470 440 3517 causae
462 3443 671 3516 arbitrium
691 3445 747 3514 ad
779 3443 941 3514 Olavum
964 3439 1183 3532 deserebam
1240 3443 1400 3514 Ocuirus
1416 3455 1548 3521 autem
1578 3447 1651 3517 sibi
1673 3455 1773 3524 resi.

158 3580 288 3652 steneli
303 3579 380 3650 eim
397 3579 523 3648 deesse
539 3575 732 3646 intellexit
738 3601 751 3665 ,-
779 3573 934 3644 nullum
949 3573 1050 3644 enim
1067 3573 1131 3642 illi
1143 3597 1168 3641 a
1179 3573 1373 3645 Snorrcne
1388 3576 1550 3666 aduenit
1566 3583 1772 3658 auxilium.

156 3709 391 3801 Liarskogis
401 3721 480 3778 tum
490 3705 821 3778 reconciliationis
832 3715 1040 3774 conventus
1054 3706 1300 3796 constitutus,
1311 3708 1548 3802 ornniumqire
1561 3734 1772 3794 causarum

156 3843 216 3916 nd
244 3841 410 3911 Olcvum
437 3839 630 3932 integrum
656 3836 866 3930 arbitrium
902 3836 1086 3906 delatum.
1152 3839 1353 3908 Statutum
1382 3853 1440 3910 est
1465 3843 1658 3935 Kjartani
1693 3874 1771 3920 cce-

157 3976 226 4045 des
251 3983 386 4059 tanta,
421 3981 568 4064 quanta
599 3969 720 4042 Olcoo
744 3965 910 4055 luberet,
952 3967 1124 4060 pecunia
1151 3991 1200 4036 ac
1225 3969 1354 4039 exiliis
1381 3971 1554 4041 uirorum
1588 3979 1774 4070 expiare-

159 4119 235 4175 tur.
289 4100 639 4174 Reconciliationis
662 4099 753 4170 inde
777 4110 984 4172 conuentus
1009 4099 1182 4184 solutus,
1210 4123 1277 4169 nec
1305 4099 1368 4171 illi
1392 4104 1550 4175 Bcllius
1577 4105 1770 4202 interfuit,

157 4246 323 4332 propter
346 4235 430 4306 lzaec
453 4233 623 4305 omniurn
646 4254 776 4302 rerum
807 4228 1019 4302 arbitrium
1037 4253 1158 4326 penes
1192 4232 1378 4323 Olaoum3
1408 4235 1605 4328 judicium
1639 4256 1771 4317 nutem

61 4447 67 4460 ,
158 4371 200 4440 in
236 4381 421 4442 concentu
459 4365 715 4438 Tbornesensi
735 4362 938 4458 publicum
973 4364 1220 4434 reddendum.
1305 4365 1568 4460 Myrcmanni
1607 4385 1687 4445 tum
1722 4403 1769 4447 ac

160 4502 419 4576 Viddalenses
441 4499 779 4595 Iijardarboltum
804 4494 962 4565 rediere.
1019 4494 1270 4566 Thorsteinus
1294 4498 1426 4594 Kuggi
1438 4499 1573 4593 filius,
1597 4505 1766 4602 Asgeiro

158 4635 349 4728 lx'jnrlani
359 4631 451 4723 filio
476 4632 745 4702 educationem
770 4625 932 4714 obtulit,
955 4627 1012 4696 acl
1036 4627 1235 4717 Hrefnnm
1262 4632 1552 4702 consolandam.
1605 4639 1765 4729 Hreffnu

156 4777 285 4834 autem
318 4789 403 4833 cum
426 4764 632 4854 fratribus
665 4785 797 4836 versus
836 4758 1029 4829 borealia·
1045 4761 1230 4853 projecta
1268 4764 1385 4856 gravi
1424 4765 1576 4856 afflicta
1612 4769 1766 4858 dolore,

157 4897 281 4967 multa
306 4865 436 4968 tumen
463 4921 547 4967 cum
573 4895 762 4968 modestia
790 4892 962 4964 dolorem
985 4892 1171 4986 pertulit,
1209 4917 1300 4965 num
1324 4894 1481 4966 cuilibet
1514 4896 1663 4968 bomini
1688 4905 1767 4972 od-
