4590 5844
900 490 996 578 278

151 765 196 818 ex
212 741 353 836 Helgii
365 741 606 839 praecripto
623 733 742 837 bgere
761 728 936 816 instituit
953 737 1081 836 &per
1101 741 1275 840 aliquam
1299 749 1567 839 tempestatem
1590 761 1766 838 egressus

147 915 354 986 rursusque
368 901 562 960 revertens
573 887 779 983 abHelgio
799 891 1133 988 interrogabatur,
1160 892 1250 990 qvid
1259 894 1348 966 novi
1361 894 1631 990 conspexisset.
1660 893 1767 962 Puer

148 1041 373 1136 respondit:
404 1039 447 1108 id
468 1038 616 1134 quidem
637 1040 820 1134 conspexi
825 1023 853 1126 ,¹
873 1043 974 1136 qvod
1000 1041 1041 1111 in
1060 1043 1173 1114 novis
1195 1041 1553 1146 babendumffebus
1579 1037 1765 1110 arbitror.

146 1191 316 1286 Helgius
335 1187 510 1284 rogavit,
537 1185 628 1282 qvid
641 1185 745 1258 illud
761 1200 862 1259 esset
878 1189 945 1259 rei.
997 1189 1075 1262 ttte
1087 1185 1129 1265 se,
1145 1173 1250 1262 viros
1269 1191 1380 1263 baud
1393 1193 1602 1264 admodum
1613 1205 1767 1281 pancos

146 1339 392 1435 conspexisse
409 1335 645 1430 affirmavit,
678 1331 716 1407 8<
735 1338 846 1429 ilios5
879 1337 1022 1434 inquit,
1048 1363 1095 1409 ex
1112 1340 1195 1411 alio
1219 1366 1330 1438 pago
1351 1343 1554 1414 advenisse
1578 1334 1764 1406 arbitror.

145 1454 316 1584 Helpins
327 1467 522 1583 qvaesivit:
537 1467 602 1556 ubi
613 1487 676 1556 illi
687 1471 862 1580 adfuere,
873 1487 1027 1584 qvando
1037 1487 1128 1561 illos
1137 1487 1394 1604 conspexisti?
1409 1490 1766 1587 qvidoegesserunt,

146 1650 221 1708 aut
235 1637 422 1754 numquid
448 1659 580 1707 eorum
595 1637 777 1708 vestitum
803 1662 852 1708 ac
872 1638 1023 1726 vultum
1046 1636 1394 1714 animadvertisti?
1418 1641 1525 1710 Puer
1541 1634 1765 1730 respondit:

147 1785 340 1883 baudego
358 1786 437 1858 ista
455 1811 497 1859 re
514 1799 669 1856 tantum
682 1787 903 1857 exterritus
913 1810 997 1856 snm
1005 1836 1018 1871 ,
1044 1799 1090 1857 ut
1106 1787 1212 1875 tanti
1228 1789 1413 1860 momenti
1427 1812 1490 1859 res
1504 1787 1616 1860 baud
1628 1795 1766 1854 atten-

146 1935 297 2024 derem:
324 1945 562 2028 compertum
571 1933 673 2004 enim
683 1933 818 2021 babai,
846 1946 883 2004 te
898 1934 1476 2030 debisinterrogaturumsore.
1529 1933 1656 2004 Simul
1664 1931 1766 2002 dixit

142 2105 258 2180 puer,
283 2107 348 2153 eos
364 2107 390 2152 a
408 2083 566 2176 tugurio
585 2081 697 2152 baud
708 2081 1022 2177 abesseprocul,
1043 2093 1156 2177 atqve
1170 2079 1231 2152 ibi
1255 2105 1319 2152 eos
1329 2081 1543 2176 prandere.
1595 2079 1766 2173 Helgius

145 2229 336 2326 rogabat:
361 2242 493 2300 utrum
502 2231 544 2301 in
554 2228 701 2301 circulo
712 2252 767 2301 an
778 2231 820 2304 in
836 2233 972 2304 ordine
987 2213 1259 2305 consedissent.
1286 2231 1393 2301 Puer
1408 2229 1501 2298 iilos
1513 2230 1553 2300 in
1564 2225 1767 2325 epbippiis

145 2379 190 2451 in
206 2377 294 2450 orbe
304 2379 520 2452 consedisse
534 2377 757 2474 affirmavit.
781 2381 951 2479 Helgius
966 2377 1088 2451 dixit:
1107 2382 1194 2485 jetm
1209 2380 1307 2450 mibi
1322 2381 1609 2452 eorumcultum
1620 2387 1769 2446 memo-

145 2553 218 2619 ra,
241 2531 332 2625 jam
352 2530 454 2600 enim
472 2527 546 2599 boc
562 2531 734 2628 experiri
751 2531 874 2619 lubet,
909 2545 1041 2604 utrum
1059 2530 1193 2625 aliqva
1212 2553 1297 2622 oum
1314 2501 1656 2605 verisimilitudine
1671 2548 1766 2595 con-

147 2677 306 2750 cludere
319 2678 493 2790 possim,
517 2679 619 2778 qvid
632 2679 706 2750 boc
724 2679 924 2752 bominum
944 2681 1007 2752 sit.
1061 2667 1169 2753 Puer
1190 2682 1418 2776 respondit:
1453 2680 1513 2753 vir
1528 2677 1582 2748 ibi
1594 2672 1766 2747 consedit

145 2828 190 2900 in
215 2827 408 2922 epbippio
425 2829 616 2919 colorato,
643 2790 873 2927 lividumqve
892 2795 1055 2900 indutus
1076 2830 1301 2938 amiculum,
1336 2811 1492 2927 magnoe
1515 2829 1583 2899 ille
1599 2837 1768 2906 staturos

143 2977 209 3052 vir
230 2989 344 3072 atque
364 2991 566 3072 aspectus,
592 2980 771 3051 coesoriei
792 2981 972 3076 margine
998 3003 1124 3074 supra
1141 2992 1318 3073 tempora
1337 2981 1498 3053 sinuosa
1520 2977 1768 3072 dentibusque

145 3128 275 3202 nudis.
328 3127 500 3222 Heigius
513 3127 637 3200 dixit:
662 3128 767 3202 bunc
789 3153 858 3226 ego
882 3128 1066 3223 opprim
1085 3129 1174 3202 noti
1196 3130 1341 3213 virum,
1366 3129 1575 3198 secundum
1598 3124 1767 3198 relatio-

145 3299 234 3352 nem
262 3289 390 3368 tuam;
430 3274 485 3346 ibi
505 3277 773 3374 Thorgilsum,
809 3276 952 3348 Hattae
963 3273 1120 3368 filium,
1152 3278 1204 3348 ab
1221 3273 1769 3372 occidentatiparteexHir-

144 3429 299 3501 dadolo
317 3425 566 3521 conspexisti.
621 3426 721 3513 Qont
737 3440 876 3497 autem·
890 3424 1127 3498 iliiatbletoe
1143 3393 1341 3499 nobiscnm
1357 3447 1438 3496 esse
1450 3421 1597 3518 negotii
1607 3413 1769 3516 potest?

143 3579 254 3650 Puer
272 3577 393 3646 dixit:
413 3573 621 3671 proximus
640 3573 987 3646 illiossidcbatvir
1003 3573 1044 3644 in
1054 3575 1247 3671 ephippio
1259 3587 1418 3660 aurato,
1446 3573 1622 3645 coccinea
1632 3570 1767 3642 tunica

143 3725 270 3797 rubro
288 3723 464 3811 indutus,
496 3723 757 3818 annulumque
783 3747 947 3794 aureum
966 3723 1008 3793 in
1022 3723 1338 3820 manu'gestan's,
1372 3724 1503 3820 capite
1528 3745 1649 3793 aureo
1675 3721 1769 3791 dia·
1821 3759 1831 3766 -

142 3877 301 3946 demate
315 3864 598 3964 circumligato.
650 3869 768 3942 Flavi
778 3870 842 3939 itti
854 3871 940 3943 viro
955 3873 1110 3967 capilli,
1120 3858 1603 3967 cincinnatiperbumeros
1620 3869 1769 3964 deflue-

144 4021 265 4114 bant3
299 4019 431 4112 faciei
455 4021 564 4133 color
591 4019 746 4105 lucidus
775 4043 824 4090 ac
851 4044 950 4091 naso
971 4019 1213 4091 tuberculum
1240 4035 1277 4093 et
1290 4021 1428 4092 antica
1451 4022 1542 4093 nasi
1560 4040 1664 4116 pars
1688 4018 1771 4087 cle-

145 4181 296 4244 menter
309 4193 541 4268 assurgens.
589 4169 703 4241 Oculi
716 4181 832 4240 erant
842 4169 1028 4263 pulcbri,
1067 4171 1211 4241 cerulei
1238 4166 1277 4244 bt
1305 4171 1449 4267 regeti5
1478 4170 1601 4262 srons
1626 4169 1715 4240 lota
1731 4163 1769 4240 8<

145 4345 260 4421 genu
285 4322 442 4416 plenoc5
486 4318 630 4417 capilli
650 4320 707 4390 ad
730 4319 946 4416 supercilia
978 4319 1153 4408 rescissi,
1195 4321 1347 4394 bumeri
1379 4320 1471 4394 benc
1488 4321 1685 4414 sarmati,
1726 4332 1773 4392 ot

147 4495 294 4570 corpus
323 4473 380 4544 ad
406 4470 620 4546 subalaeia
654 4493 850 4562 crassum:
887 4493 1030 4542 manus
1054 4469 1231 4566 pulchra
1254 4469 1529 4583 brachiumque
1559 4469 1772 4560 robustum,

152 4623 277 4696 omnis
294 4635 428 4718 gestus
453 4636 639 4696 venustus
664 4616 703 4694 8<
737 4623 818 4694 tale
840 4621 990 4718 quidem
1005 4645 1074 4716 ega
1098 4622 1145 4692 de
1159 4601 1525 4714 eoscrojudicium,
1558 4623 1660 4720 qvod
1676 4618 1771 4690 nul-

151 4777 192 4846 lo
212 4786 388 4869 respectu
402 4773 705 4867 proestantioris
732 4785 916 4869 aspectus
934 4773 1018 4846 vidi
1041 4771 1259 4844 bominem·
1304 4767 1506 4846 iuvenilis
1528 4786 1658 4844 tomen
1683 4781 1773 4840 erat

149 4925 236 4997 ciro
255 4923 434 5014 babitus,
461 4948 554 4996 nom
570 4924 748 5000 imberbis
764 4939 872 5016 erat,
897 4926 1069 5024 visusque
1088 4925 1337 5024 aliquantum
1353 4947 1445 5024 prce
1461 4945 1633 4994 moerore
1649 4924 1772 4995 tumie

1482 5053 1522 5125 M
1536 5077 1573 5127 m
