4636 5832
868 447 1082 572 2⁷...

160 707 337 782 bumana
355 702 499 775 audita
518 725 611 794 vox;
639 701 726 795 jam
752 724 796 772 eo
814 698 1008 797 pergebat
1027 723 1100 796 qvo
1126 698 1364 771 declinantis
1391 701 1483 797 agri
1516 699 1648 794 infimo
1675 705 1786 780 rivus

157 835 413 931 allambebat,
438 836 563 934 ibiqve
586 837 664 907 duo
687 833 862 906 bomines
880 833 1101 931 conspexit,
1139 845 1256 930 atqve
1281 835 1446 929 agnovit
1471 836 1639 908 Olnvum
1650 839 1786 932 fllium

157 974 343 1071 illiusqve
367 981 544 1043 matrem.
618 970 714 1042 Tum
744 969 895 1066 qvidem
919 967 1108 1064 comperit
1138 993 1225 1040 eam
1262 993 1340 1041 non
1368 993 1448 1042 esse
1470 982 1638 1059 neutum,
1678 974 1786 1042 rnul-

159 1119 242 1179 tum
265 1106 369 1180 enim
390 1129 476 1176 cum
494 1125 622 1199 puero
650 1101 895 1200 loqvebatur.
957 1100 1054 1172 Tum
1069 1099 1300 1173 Ho'skuldus
1322 1127 1387 1174 eos
1410 1101 1611 1191 convenit,
1646 1103 1785 1177 illam-

156 1266 227 1339 qve
243 1239 404 1336 rogavit
420 1259 557 1310 nomen
571 1235 743 1332 dixitqve
762 1237 825 1308 illi
842 1259 921 1308 non
949 1233 1127 1328 amplius
1142 1233 1404 1329 profuturam
1419 1235 1784 1313 dissimulationem.
1852 1288 1855 1303 .
1896 1279 1899 1286 ·

154 1373 243 1446 Illa
267 1373 415 1467 sejam
438 1371 680 1443 elocuturum
703 1369 928 1466 affirmavit.
998 1366 1062 1438 Sic
1087 1366 1129 1455 in
1152 1367 1298 1440 clivulo
1331 1370 1598 1440 consederunt.
1679 1373 1786 1445 luno
1894 1441 1911 1474 V,

156 1505 256 1577 illa:
291 1503 326 1574 si
350 1527 509 1593 nomen,
548 1505 693 1602 inqvit,
728 1529 853 1576 meum
875 1501 975 1573 scire
1002 1523 1140 1572 curas:
1187 1502 1394 1574 Melkorlca
1424 1525 1552 1574 vocor.
1602 1505 1785 1578 Hdskul-

156 1641 231 1712 dus
248 1636 469 1733 illamplus
490 1639 688 1734 degenere
706 1661 898 1714 enarrare
914 1635 1086 1733 rogavit.
1137 1635 1222 1710 Illa
1240 1659 1350 1708 vero:
1389 1635 1670 1731 Myrkjortan,
1717 1640 1784 1711 in-

156 1773 261 1872 qvit,
297 1782 357 1872 cst
372 1795 510 1843 nomen
518 1771 655 1869 patri,
690 1795 853 1867 regnum
874 1771 1097 1859 Hibernia,
1130 1795 1200 1869 ego
1224 1771 1313 1844 XV
1332 1795 1460 1842 annos
1486 1783 1586 1842 nata
1618 1773 1784 1868 captiva·

103 1917 105 1920 ’
157 1905 311 1978 ablata.
373 1908 605 1981 Hosluldus
631 1907 749 1978 nimis
777 1907 845 1978 diu
863 1907 1158 1978 dissimulatum
1180 1917 1337 1975 tantam
1357 1902 1605 1977 nobilitatem
1625 1909 1783 2001 generis

158 2038 473 2139 conquerebatur.
525 2040 757 2114 Hdskuldus
782 2051 915 2110 autem
938 2042 1093 2109 domum
1110 2061 1327 2134 regressus,
1354 2038 1449 2135 qvid
1469 2060 1581 2110 novoe
1594 2041 1653 2110 rei
1671 2046 1783 2113 acci-

157 2174 476 2249 dissetlorunnae
490 2174 638 2247 retulit.
675 2173 856 2246 lorunna
874 2198 973 2263 vero,
997 2184 1147 2271 qvanta
1164 2172 1227 2242 nis
1231 2169 1348 2265 fides,
1372 2194 1515 2269 negare
1531 2197 1571 2245 se
1585 2173 1695 2265 scire,
1712 2201 1782 2250 nec

157 2310 357 2384 bominum
396 2306 670 2379 abstrusorum
716 2306 791 2378 sibi
838 2307 1005 2380 multam
1048 2331 1130 2378 esse
1168 2329 1305 2377 curam
1348 2307 1598 2398 contendere,
1666 2324 1783 2408 atqve

158 2444 218 2516 ita
227 2443 392 2540 finitum
410 2441 516 2514 illud
536 2441 782 2538 colloqvium.
836 2441 929 2534 {Nec
938 2441 1220 2535 suitJorunna
1241 2439 1436 2550 meretrici
1447 2431 1591 2536 postea
1618 2445 1785 2519 amicior

157 2605 273 2680 qvam
280 2591 422 2669 antea5
437 2576 646 2650 Hisluldo
659 2575 1050 2674 autemsreqventius
1065 2599 1151 2646 oum
1171 2574 1500 2672 illaoolloqvium.
1553 2577 1677 2651 Brevi
1686 2594 1785 2676 post

156 2738 245 2787 cum
265 2713 447 2785 lorunno
473 2711 644 2790 cubitum
668 2713 763 2800 iret,
797 2709 1006 2783 Mellaria
1029 2710 1093 2781 illi
1120 2710 1351 2782 vestimenta
1373 2703 1603 2782 detraxit&
1622 2712 1781 2784 calceo-

153 2859 291 2920 menta
317 2845 469 2944 qvidem
499 2845 542 2916 in
563 2845 838 2940 pavimentum
867 2843 1044 2935 demisit,
1090 2855 1173 2914 tum
1189 2843 1371 2916 lorunna
1402 2843 1562 2916 tibialia
1594 2847 1781 2938 sumebat,

152 2983 287 3078 eisqve
309 2976 374 3047 illi
389 2989 511 3071 caput
527 2976 756 3050 verberavit.
808 2974 1013 3048 Melkorlca
1032 2999 1122 3046 vero
1145 2975 1254 3046 irato
1278 3001 1420 3050 nasum
1443 2979 1634 3052 lorunnce
1647 3007 1781 3081 pugna

148 3112 298 3216 scrivit
319 3111 419 3180 adeo
444 3121 491 3180 ut
510 3108 673 3203 sangvis
692 3107 923 3203 proflueret.
1000 3103 1228 3176 Adveniens
1251 3119 1334 3178 tum
1353 3111 1586 3182 Hbskuldus
1612 3116 1782 3189 interce-

157 3245 286 3321 debat.
339 3243 486 3315 Postea
500 3239 732 3310 Hbsluldus
749 3237 996 3309 Meliorkom
1023 3237 1226 3334 ablegavit
1249 3251 1365 3338 atqve
1392 3242 1500 3314 dedit
1525 3244 1589 3314 illi
1615 3247 1781 3321 liabita-

158 3383 290 3458 eulum
316 3376 360 3448 in
394 3370 909 3456 interioribusLaxardali.
974 3371 1081 3442 Loco
1104 3370 1243 3444 deinde
1263 3372 1605 3448 Meliorkustadir
1631 3406 1781 3476 nomen,

158 3520 335 3592 desertus
346 3511 435 3606 jam
459 3506 511 3578 is-
532 3507 641 3577 loous
672 3499 793 3578 est&
817 3529 843 3574 a
858 3504 1112 3577 meridionali
1135 3518 1259 3601 parte
1275 3507 1405 3577 amnis
1421 3509 1540 3581 Laxd
1553 3512 1663 3586 situs.
1719 3520 1782 3591 Ibi

159 3647 367 3726 Mellaria
383 3639 656 3716 babitaculum
666 3638 899 3729 construxit,
923 3637 1132 3729 Hbsluldo
1154 3640 1287 3713 omnia
1304 3640 1508 3735 tribuente,
1532 3669 1618 3743 qvae
1634 3651 1691 3722 ad
1706 3653 1782 3724 do-

159 3781 362 3857 mesticum
383 3801 464 3850 rem
493 3773 716 3848 necessaria
739 3785 893 3852 essent„
948 3774 1082 3845 Filius
1111 3774 1272 3847 illorum
1303 3775 1452 3849 Olavus
1477 3769 1593 3852 illam
1627 3800 1781 3860 secutus

158 3932 232 3994 est.
285 3913 376 3987 Hoc
399 3911 440 3983 in
464 3911 591 3983 Olovo
603 3910 694 4009 jam
722 3906 966 3980 adolescente
993 3908 1071 3980 cito
1094 3908 1349 3999 manifestum
1365 3934 1447 3983 sese
1468 3915 1663 4002 reddidit,
1696 3944 1782 3992 eum
1815 3937 1824 3950 '

160 4053 258 4128 aliis
283 4043 503 4121 bominibus
529 4042 853 4142 praestantiorem
882 4035 921 4114 8<
949 4040 994 4114 ob
1023 4055 1267 4118 venustatem
1298 4038 1336 4118 ἃ
1366 4044 1410 4118 ob
1437 4069 1589 4120 morum
1618 4051 1782 4149 elegan-

161 4189 272 4284 tiam,
287 4184 390 4280 fore.

819 4381 951 4476 CAP.
988 4381 1119 4474 XIV.

360 4549 577 4684 lngjaldus
604 4593 694 4656 erat
721 4603 860 4656 nomen
888 4583 994 4676 viro,
1044 4577 1704 4680 illeSaudeyis(1nsulisovium)
1740 4596 1782 4668 in

160 4724 446 4818 Breidaffordo
479 4717 589 4818 (Sino
624 4718 727 4813 lato)
750 4715 961 4792 habitavit.
1033 4717 1337 4815 Soudeyorgodi
1363 4721 1566 4814 (Pontifex
1598 4727 1781 4824 Saudey.

160 4859 278 4961 ensis)
306 4859 372 4933 illi
390 4855 482 4952 suit
511 4865 825 4952 cognomentum
865 4853 928 4928 vir
957 4851 1066 4928 dives
1101 4863 1219 4950 atqve
1253 4855 1420 4931 multum
1436 4859 1617 4954 pollens,·
1640 4859 1782 4952 frater
