4612 5832
894 497 1101 617 Q-

190 749 372 822 columna
389 741 537 817 lectica
553 753 876 839 eratsuspeusas.
939 745 1035 816 Tum
1058 744 1236 816 Tlsuricla
1257 743 1444 840 virginem
1460 747 1609 819 Graam
1631 749 1671 821 in
1692 751 1806 826 lecti-

189 907 275 954 cam
292 877 487 974 deposuit,
514 875 693 970 arripuit
707 887 838 946 autem
851 861 1159 948 Pedimorsorem
1177 903 1370 973 secumque
1386 879 1565 969 abstulit,
1597 883 1805 982 relictaque

188 1014 281 1086 naui
295 1013 352 1081 ad
368 1035 457 1081 suos
474 1007 602 1079 rediit.
654 1005 744 1076 lam
752 1008 855 1100 flere
873 1010 999 1103 virgo,
1026 1035 1067 1079 eo
1087 1012 1348 1084 Geirmuudas
1363 1040 1384 1084 e
1400 1037 1533 1109 somno
1552 1015 1719 1087 excitari
1734 1031 1803 1090 at-

187 1171 253 1244 qve
267 1167 442 1240 surgere,
470 1152 619 1234 tumque
632 1137 826 1229 infantem
846 1163 1071 1234 agnoscere,
1106 1135 1144 1210 8<
1161 1114 1229 1236 qao
1243 1155 1366 1235 praeto
1383 1145 1454 1214 lzoc
1470 1146 1677 1218 accidisset
1693 1173 1800 1221 cam·

183 1275 359 1364 minisci‚·
380 1245 385 1256 Ι
405 1275 500 1345 Tum
515 1293 676 1366 surgens
687 1269 937 1365 gladiumqve
956 1273 1136 1366 arripere
1152 1274 1331 1368 cogitans
1348 1278 1509 1346 eundem
1532 1289 1609 1350 aaa
1626 1282 1799 1374 reperie-
1840 1245 1845 1252 Ι

184 1409 273 1497 bat,
307 1410 404 1504 qvod
427 1405 657 1501 lzazcdjsaae
681 1403 822 1473 mirum
837 1403 960 1494 fait.'
1004 1403 1100 1476 Tum
1122 1407 1178 1476 ad
1195 1396 1308 1478 uasis
1325 1391 1541 1502 marginem
1565 1435 1799 1507 progressus

183 1542 277 1612 illos
296 1565 321 1610 a
340 1537 431 1610 naui
451 1535 685 1632 remigantes
702 1537 913 1631 conspexit.
969 1537 1233 1608 Geirmumlus
1247 1525 1371 1609 socias
1389 1542 1559 1624 aduocat
1573 1567 1731 1637 rogans,
1756 1557 1800 1615 ut

185 1671 348 1746 lembum
364 1669 625 1744 conscendam
639 1689 770 1763 eosque
780 1683 1077 1762 persequuntur.
1104 1672 1176 1742 Illi
1190 1671 1296 1741 dieto
1306 1695 1490 1766 paruere.
1533 1675 1576 1746 V
1571 1694 1678 1745 erum
1697 1669 1800 1747 brevi

184 1801 650 1901 comperiebammultam
666 1825 806 1896 aqvam
821 1824 901 1896 per
922 1801 1085 1900 lembum
1106 1803 1285 1896 immitti,
1324 1805 1479 1900 ideaque
1494 1805 1797 1880 revertebamum

189 1940 293 2012 Τιιιισ
312 1936 575 2035 Geirmundus
596 1934 813 2005 Tituridam
829 1935 1079 2028 compellauit
1098 1957 1263 2028 rogans,
1291 1946 1336 2004 ut
1353 1937 1409 2006 ad
1434 1961 1474 2006 se
1502 1937 1666 2026 rediret,
1697 1939 1745 2033 gt
1772 1977 1795 1993 -

183 2071 356 2166 cliumqve
371 2051 680 2140 Pedimorsorem
698 2063 772 2133 sibi
792 2066 976 2158 traderet.
1014 2065 1160 2137 Verum
1177 2052 1231 2154 tu,
1247 2067 1379 2164 inquit,
1398 2079 1507 2138 tuam
1528 2070 1656 2164 recipe
1669 2070 1798 2164 uirgi-

181 2227 277 2287 uem,
295 2215 433 2274 etcum
451 2199 524 2268 illa
541 2197 633 2268 hinc
653 2208 808 2266 tantam
824 2195 987 2288 auferas
1000 2198 1222 2292 pecuniam,
1245 2191 1390 2292 quanta
1414 2201 1485 2270 tihi
1495 2203 1643 2296 placet.
1686 2201 1794 2272 Thu-

179 2337 272 2406 rida
293 2327 513 2426 respoudit:
536 2343 628 2397 uum
646 2325 717 2396 tibi
737 2328 793 2397 sic
811 2329 948 2398 melius
959 2355 1070 2424 qvam
1081 2331 1116 2399 si
1128 2327 1385 2425 gladias'uou
1395 2331 1648 2404 redderetur?
1675 2333 1795 2404 Geir-

174 2467 347 2536 amadus
362 2460 640 2558 respondebat:
663 2461 829 2531 multum
840 2462 1022 2555 peauaiae
1034 2463 1249 2554 ,sanesoret
1266 2447 1536 2556 amittendum,
1567 2466 1791 2560 siglaclium

175 2623 256 2672 uon
271 2617 520 2691 recuperare,
553 2594 692 2664 melius
707 2595 914 2669 rideretur.
958 2593 1027 2664 Cui
1042 2595 1137 2666 illa:
1159 2609 1257 2668 ‘tuuc
1273 2599 1401 2687 illum,
1429 2599 1568 2694 inquit,
1597 2603 1792 2695 nunquam

174 2731 365 2826 accipies3
393 2729 519 2818 multa
539 2727 641 2800 euim
655 2751 805 2822 parum
823 2727 983 2798 leonaste
995 2751 1089 2822 erga
1107 2751 1178 2798 nos
1195 2728 1328 2824 egisti,
1354 2731 1702 2826 jamqve·uastrum
1721 2754 1793 2800 ra-

175 2877 260 2936 tum
283 2864 358 2932 erit
377 2850 603 2934 diuortium.
660 2859 766 2929 Tunc
792 2859 1074 2928 Geirmuudus:
1100 2862 1253 2930 nullam
1275 2861 1357 2950 tibi,
1386 2863 1519 2958 iuquit,
1541 2863 1604 2932 lzic
1627 2865 1791 2958 gladius

171 2995 345 3065 salutem
358 2989 507 3086 afferet.
535 2990 620 3058 Illa
636 2989 708 3058 luae
726 3013 766 3057 se
776 2990 1006 3081 periclitari
1020 2993 1117 3061 uelle
1135 2991 1357 3084 affirmavit.
1387 2995 1650 3073 Geirmuuclus
1670 2997 1791 3086 disits

175 3141 271 3196 tuae
296 3123 400 3193 illud
412 3146 537 3193 meum
557 3119 634 3189 erit
650 3131 807 3203 uotum,
840 3131 884 3188 ut
904 3117 968 3187 tue
985 3097 1087 3188 ensis
1107 3122 1219 3189 illum
1241 3135 1381 3192 vestrae
1403 3125 1542 3217 stirpis
1566 3127 1692 3195 virum
1720 3125 1790 3194 ab·

175 3267 349 3345 truncet,
386 3229 495 3350 cajus
512 3252 650 3321 ‘clades
671 3251 909 3344 gravissima
931 3249 1001 3334 sit,
1034 3254 1268 3347 maximeque
1282 3245 1445 3343 fatalis.
1504 3254 1680 3352 Tituriaa
1708 3268 1789 3325 tum

173 3385 531 3470 Hiarclarlioltum,
557 3384 718 3452 'domum
737 3349 872 3471 rediii,
900 3395 981 3452 tum
995 3407 1131 3478 qvoqve
1150 3384 1295 3458 Olavus
1322 3387 1686 3473 clamumreclieran
1703 3411 1790 3482 pa-

174 3546 265 3597 rum
285 3522 523 3616 illius‚gesta
543 3516 729 3587 laudans.
771 3515 928 3586 -Verum
955 3529 1084 3588 tamea
1108 3516 1234 3612 quieta
1262 3519 1403 3588 amnia.
1462 3519 1639 3592 Thurida
1655 3520 1789 3592 Ballio

173 3653 402 3731 consobrina
425 3675 503 3752 suo²
517 3647 961 3752 ensemlpedimarsorem
980 3650 1164 3744 danavit5
1183 3651 1311 3722 villum
1328 3651 1430 3723 euim
1450 3650 1562 3723 haud
1577 3655 1706 3726 miuus
1723 3655 1789 3724 cli-

177 3784 326 3884 ligebat
340 3783 632 3884 qaamsratres.¹
660 3780 818 3850 Bollius
830 3801 904 3874 per
918 3781 1045 3850 multa
1063 3783 1201 3852 deinde
1219 3793 1396 3880 tempora
1405 3783 1589 3878 gladium
1603 3787 1707 3858 hunc
1715 3813 1789 3883 ge-

175 3915 324 3989 stabat.
374 3918 554 3989 Pastlzoec
572 3912 834 3986 Geirmumlus
855 3925 1009 3982 ventum
1030 3896 1239 4010 seeundum
1261 3928 1403 3984 nactus
1424 3918 1512 3986 vela
1532 3920 1640 3989 dedit
1661 3922 1702 3990 in
1720 3921 1788 3989 al-

177 4062 260 4122 tum
278 4062 317 4122 et
332 4063 520 4122 autumno
538 4049 593 4118 acl
611 4044 853 4137 Noraagiam
876 4045 1078 4139 appulere.
1120 4023 1267 4139 Aliqua
1295 4060 1405 4118 nacte
1427 4073 1556 4143 prope
1579 4051 1722 4120 Stados
1744 4052 1788 4122 ia

173 4196 302 4279 syrtes
321 4186 476 4256 delatus
494 4179 756 4254 Geirmaudus
774 4177 925 4250 interiit
940 4199 1026 4248 cum
1046 4153 1233 4263 omullus,
1255 4201 1336 4274 qva
1350 4181 1443 4249 navi
1464 4181 1649 4252 messena·
1673 4181 1788 4254 Jam-

173 4314 487 4412 qveGeirmuncli
506 4309 802 4406 historiaefinis.
905 4365 908 4370 Δ
1008 4307 1012 4318 ’

677 4469 696 4491 ”
803 4515 933 4603 css.
971 4464 1150 4600 xxxi

378 4679 538 4788 olavus
557 4711 755 4800 Htislruldi
768 4707 877 4802 filius
901 4710 1149 4780 domesticam
1171 4732 1252 4780 rem
1267 4713 1392 4782 multo
1409 4735 1493 4784 cum
1510 4713 1655 4787 honore
1668 4736 1788 4784 cura·
1832 4707 1836 4722 '

76 4881 81 4890 ·
169 4845 261 4940 lat,
297 4849 358 4920 uti
379 4861 499 4922 autea
522 4847 669 4920 dictum
692 4856 759 4918 est.
830 4843 1087 4916 Gudmunclu's
1106 4855 1194 4914 erat
1223 4867 1360 4916 nomeu
1380 4845 1477 4934 viro,
1501 4847 1569 4918 ille
1593 4844 1786 4917 eratffll-
