4612 5832
907 479 1122 606 Q

208 729 356 830 legavit
375 729 572 822 bonorem,
597 741 642 804 ut
656 728 759 802 isunc
777 729 849 803 tibi
865 731 1063 824 adferrem
1081 731 1261 824 nuntium
1278 725 1449 826 &simul
1465 734 1633 828 rogavit,
1660 747 1705 805 ut
1721 760 1822 808 sem-

202 889 279 962 per
302 865 414 962 apud
433 887 504 935 nos
526 863 800 958 hospitarere,
832 868 986 960 qvando
1013 879 1084 938 aut
1109 870 1220 938 domo
1245 877 1317 935 aut
1347 867 1500 937 domum
1517 865 1818 958 proficiscerem-

207 999 349 1070 Gestus
367 994 582 1090 hospitium
605 995 720 1064 loetus
745 996 916 1090 accepit,
950 1010 989 1067 et
1003 1023 1231 1095 generosum
1251 1000 1353 1068 nunc
1370 996 1561 1066 muntium
1578 998 1818 1090 adfirmavit,

203 1152 338 1203 uerum
361 1141 491 1200 tamen
513 1128 572 1197 ita
593 1151 633 1199 se
654 1091 728 1197 iter
743 1127 973 1218 facturum,
998 1128 1059 1198 uti
1071 1129 1162 1222 jam
1181 1129 1425 1198 instituisset.
1481 1131 1674 1202 Gudruna
1699 1132 1819 1204 dixit:

202 1262 331 1332 multo
344 1259 532 1330 mikilins
549 1257 683 1354 hyeme
699 1257 741 1328 in
759 1259 920 1330 somniis
939 1259 1045 1348 uisa,
1087 1274 1255 1356 quatuor
1270 1273 1400 1330 autem
1418 1262 1568 1331 somnia
1590 1278 1680 1333 sunt
1689 1317 1701 1350 ,
1735 1289 1819 1360 qvae

200 1393 371 1463 multum
398 1361 496 1460 milii
518 1413 622 1461 curae
650 1392 855 1482 suscitent,
900 1416 969 1463 nec
997 1390 1048 1462 ab
1076 1393 1160 1463 ulio
1197 1392 1350 1464 homine
1383 1393 1442 1462 ita
1474 1393 1554 1462 sint
1586 1398 1842 1489 explanatas

200 1521 388 1594 utimini
407 1523 596 1616 placeat3
630 1547 789 1619 aeaego
816 1519 1147 1622 tamenpostuto',
1180 1537 1225 1596 ut
1255 1525 1328 1598 itta
1361 1525 1459 1599 mini
1485 1551 1531 1601 ex
1556 1539 1646 1598 uoto
1674 1527 1819 1620 expla-

201 1666 357 1729 nentur.
413 1655 519 1726 Tunc
539 1657 697 1728 Gestus:
736 1657 930 1754 eloquere,
963 1659 1109 1754 inquit,
1142 1657 1295 1732 somnia
1315 1671 1405 1743 tua,
1430 1656 1525 1752 fieri
1549 1659 1651 1728 enim
1671 1669 1817 1754 potest,

199 1787 388 1884 utaliqvo
398 1799 521 1882 pacto
537 1787 847 1884 interpretemur.
877 1791 1068 1882 Gudruna
1081 1792 1203 1862 dixit:
1218 1788 1326 1882 soris
1341 1791 1454 1884 apud
1467 1791 1638 1861 rivulum
1649 1790 1817 1884 aiiqeem

198 1932 337 1994 astare
354 1919 453 1990 milti
471 1920 557 1994 risa
576 1945 661 1994 sum
666 1973 682 2012 ,
714 1922 953 2018 cidarimqoe
981 1925 1177 1993 aduncam
1199 1923 1310 1992 naut
1330 1922 1421 2011 Irene
1435 1921 1660 2012 formatam
1685 1921 1817 2015 capite

194 2066 353 2149 gestare
380 2065 418 2126 et
443 2077 512 2149 ego
534 2054 686 2150 quidem
710 2052 913 2154 cupiebam
934 2037 1101 2122 cidarim
1117 2064 1368 2147 permutare,
1415 2052 1552 2121 multis
1578 2052 1813 2124 dissuaden-

197 2185 323 2278 tibus,
360 2211 430 2281 ego
454 2196 585 2256 autem
607 2209 654 2256 ea
672 2209 822 2282 parum
850 2208 993 2256 curans
1019 2185 1186 2256 cidarim
1208 2210 1228 2256 e
1255 2185 1386 2279 capite
1407 2179 1606 2253 sublatam
1633 2183 1674 2252 in
1700 2182 1814 2253 riva-

194 2316 458 2410 lumconjeci3
492 2341 561 2389 nec
580 2317 654 2389 noc
672 2320 823 2416 qcidem
850 2319 1040 2389 somnium
1060 2317 1271 2412 prolixius.
1321 2318 1514 2388 Gudruna
1535 2317 1591 2385 sio
1602 2313 1813 2410 pergebats

192 2449 360 2522 secundi
383 2449 525 2521 somnii
546 2450 660 2522 illud*
669 2451 933 2546 principium:
967 2450 1075 2520 Iacui
1097 2449 1254 2520 cuidam
1270 2461 1406 2521 astare
1420 2447 1601 2536 videbam
1637 2460 1717 2518 tum
1734 2471 1812 2518 an-

191 2583 334 2656 nulum
353 2595 578 2676 argenteum
595 2584 637 2656 in
651 2607 771 2656 manu
790 2585 991 2678 conspexi,
1019 2584 1131 2654 illum
1143 2606 1268 2654 meum
1284 2605 1364 2654 esse
1381 2593 1418 2662 et
1427 2580 1596 2678 perbene
1610 2581 1813 2652 conuenire

192 2711 461 2808 somniabam,
492 2715 527 2786 is
549 2715 648 2788 milti
664 2719 838 2802 annulus
858 2717 974 2790 ualde
988 2717 1186 2811 pretiosus
1205 2716 1323 2801 uisus,
1347 2726 1563 2810 certuche
1586 2724 1674 2783 erat
1698 2712 1770 2780 illu

190 2847 267 2916 ato
280 2846 503 2940 possidere,
552 2869 685 2918 verum
710 2872 794 2918 cum
821 2849 903 2918 tale
921 2848 1013 2944 qvid
1030 2847 1187 2916 minime
1209 2848 1398 2930 timerem,
1436 2847 1609 2916 annulus
1627 2845 1673 2913 de
1690 2865 1810 2911 mauu

189 2977 240 3047 in
263 2977 393 3044 lacum
410 2975 575 3067 decidit,
611 3001 679 3046 neo
697 2978 814 3046 illum
827 2992 1154 3072 posteaunqvam
1172 2978 1273 3066 vidi,
1306 2973 1343 3048 8<
1361 2977 1433 3046 hoc
1457 2979 1606 3072 qvidem
1626 2978 1810 3044 damnum

189 3105 465 3201 multomagis
490 3127 593 3200 aegre
614 3110 789 3200 pertuli,
814 3135 928 3204 qoam
950 3107 1215 3181 uerisimiliter
1233 3109 1402 3200 aiicrq'us
1423 3109 1589 3200 pretiosi
1605 3109 1810 3200 jacturam

185 3238 456 3336 pertulissem,
483 3237 621 3308 deinde
637 3267 657 3312 e
674 3263 807 3309 somno
823 3238 1035 3309 excitabar.
1090 3223 1232 3308 Gestus
1252 3237 1531 3334 respondebat:
1559 3237 1635 3306 itao
1659 3233 1809 3329 pridem

192 3395 241 3445 re
264 3371 348 3440 sola
372 3367 445 3447 isac
465 3370 655 3440 somnium
671 3371 807 3465 priori
833 3395 911 3440 uon
936 3370 1047 3440 cedit.
1111 3371 1305 3442 Garunna
1330 3395 1456 3466 porro
1483 3371 1542 3442 ita
1566 3365 1810 3462 toqoebatur:

197 3501 372 3575 Tertium
384 3499 484 3574 milei
495 3501 579 3593 fuit
593 3501 783 3575 somnium
800 3502 890 3572 icoc:
936 3499 979 3574 V
976 3500 1037 3572 isa
1054 3501 1152 3574 milti
1170 3527 1254 3574 sum
1269 3527 1433 3575 aureum
1451 3479 1655 3599 possidere
1676 3521 1809 3572 annu-

194 3631 278 3706 Ium
303 3646 605 3732 reparatumque
627 3637 812 3704 damnum
834 3631 1065 3715 arbitrabar
1083 3629 1121 3704 8<
1138 3658 1233 3704 sane
1245 3635 1457 3728 sperabam
1475 3639 1601 3707 istunc
1618 3633 1810 3704 annulum

188 3787 258 3838 me
275 3765 422 3836 diutius
441 3789 555 3862 qoam
564 3768 740 3862 priorem
755 3790 1046 3860 possessuram,
1079 3790 1148 3836 nec
1173 3779 1304 3837 tamen
1323 3769 1425 3838 leuno
1440 3771 1661 3864 pretiosum
1676 3771 1808 3834 annu-

194 3898 282 3966 lum
297 3907 409 3966 tanto
426 3899 562 3967 melius
580 3899 798 3986 convenire,
826 3911 968 3994 qvanto
986 3923 1127 3968 aurum
1147 3911 1311 3991 argento
1330 3902 1463 3968 carius
1480 3913 1550 3988 est,
1575 3893 1808 3970 existimavi.

192 4027 349 4100 Deinde
360 4028 503 4100 collabi
517 4029 616 4118 aisa,
631 4055 771 4126 egoque
790 4029 887 4102 velle
904 4047 1024 4098 manu
1040 4029 1198 4124 lapsum
1207 4041 1381 4100 auertere
1399 4043 1479 4101 tum
1493 4031 1667 4100 annulus
1679 4024 1809 4120 lapidi

195 4159 498 4232 allisusmedius
508 4173 564 4232 est
567 4163 811 4256 perfractas,
822 4173 933 4257 atqve
942 4175 988 4230 ex
989 4161 1183 4252 fractura
1196 4163 1356 4255 sanguis
1367 4163 1572 4232 destillare
1581 4162 1699 4232 uisus.
1713 4157 1748 4228 Τ
1744 4179 1808 4226 um

195 4293 295 4363 mint
309 4294 453 4366 damno
466 4293 594 4388 major
613 4295 719 4366 risus
736 4267 875 4382 luctas,
903 4305 988 4364 cum
1003 4293 1270 4384 semifractum
1286 4307 1405 4370 antea
1421 4297 1613 4366 annulum
1628 4317 1687 4364 me
1704 4313 1810 4360 com·
1858 4320 1862 4334 ·

192 4426 346 4518 perisse
370 4429 581 4516 crederem,
602 4421 640 4494 8(
658 4449 742 4496 curn
749 4426 984 4521 fragmenta
1001 4427 1172 4497 intuerer
1180 4427 1320 4522 plnres
1337 4429 1508 4522 reperire
1513 4429 1685 4522 fissuras
1700 4425 1811 4496 vide-

195 4579 263 4628 rer
268 4582 281 4646 ,·
309 4582 441 4630 uerum
460 4571 590 4630 tamen
610 4558 837 4664 incoiumem
847 4557 1035 4648 saturum
1051 4569 1144 4626 rata
1160 4583 1267 4664 sune,
1298 4561 1333 4628 si
1351 4561 1489 4630 melius
1506 4565 1698 4633 annulum
1713 4581 1809 4627 con-

194 4712 410 4761 servassem
416 4717 431 4782 ,·
465 4691 560 4763 talis
574 4691 610 4762 ei
624 4687 886 4781 somniofinis.
942 4691 1082 4760 Gestus
1108 4690 1229 4762 dixit:
1248 4693 1373 4762 'lzaud
1389 4691 1509 4765 bonus
1526 4708 1584 4766 est
1601 4696 1720 4764 trium
1735 4689 1810 4758 lto·-
1840 4759 1844 4767 ,

195 4843 286 4890 rum
321 4824 557 4896 somniorum
586 4823 722 4896 exitus.
789 4823 855 4893 Ita
875 4847 1000 4918 porro
1029 4823 1242 4897 Gudruna:
1278 4839 1459 4923 quartum
1486 4827 1571 4920 suit
1602 4821 1810 4918 somnium:
1870 4878 1873 4886 .
