4636 5832
870 487 877 504 '
983 482 1045 568 17

195 753 368 827 tomento
393 737 497 837 qvod
520 739 703 812 suaderet
726 736 899 831 animus,
929 739 1070 834 vulgus
1100 763 1189 814 oero
1206 735 1326 810 mulsi
1341 734 1494 808 deliciis
1515 737 1820 811 exhilararetur.

194 878 345 948 Ferunt
373 877 579 946 Unnuram
592 871 727 964 fuisse
747 897 915 967 procero
941 886 1057 970 atque
1082 886 1213 945 toroso
1240 895 1421 967 corpore,
1481 897 1565 970 qoce
1589 898 1678 944 cum
1706 875 1822 947 velte-

116 994 124 1011 ⁸
195 1009 362 1082 mentius
388 1005 601 1078 coenaculo
632 1007 900 1100 egrederetur,
951 1006 1124 1081 cortuiuoe
1152 1005 1387 1102 dignitatem
1422 1009 1599 1078 mulieris
1622 1011 1824 1103 jamtum

195 1142 448 1238 conspicuam
468 1136 785 1247 admirabantur.
821 1139 977 1212 Deinde
991 1140 1084 1228 eino
1101 1139 1359 1234 indulgebant
1375 1142 1503 1246 donec,
1514 1141 1687 1217 cubitum
1705 1142 1823 1243 eundi

194 1278 333 1350 adesse
360 1288 512 1376 tempus
538 1273 664 1346 visum
684 1285 752 1347 est.
805 1274 1007 1354 Postridie
1029 1296 1120 1372 uero
1143 1275 1292 1346 Olouus
1312 1275 1586 1346 dormitorium
1599 1273 1823 1375 Audurce*)

195 1380 302 1484 adiit
317 1409 604 1504 cubiculumque
621 1408 818 1502 ingressus
843 1410 1049 1479 Unnuram
1064 1409 1121 1478 ad
1131 1409 1329 1504 puluinar
1349 1408 1584 1480 reclinatum
1602 1411 1823 1505 deprehen·-

194 1544 313 1616 debat
339 1539 378 1614 δε
411 1556 492 1612 tum
523 1542 674 1640 qcidem
706 1555 914 1612 mortuam.
994 1543 1144 1616 Olaous
1176 1565 1266 1614 vero
1302 1541 1343 1610 in
1379 1545 1630 1614 coenaculum
1671 1545 1824 1614 rediens

194 1679 300 1749 lianc
325 1701 404 1748 rem
420 1676 624 1766 narrauit,
660 1673 1280 1768 admirabdnturautemornnes,
1321 1676 1423 1772 quod
1446 1677 1609 1747 Uartura
1629 1702 1747 1773 usqae
1769 1679 1825 1749 ad

194 1809 407 1885 extremum
422 1811 515 1884 vitae
531 1809 766 1905 dignitatem
788 1811 1023 1882 retinuisset.
1057 1810 1153 1883 lium
1175 1809 1359 1906 nuptiale
1374 1807 1493 1882 Olaoi
1509 1805 1723 1902 &funebre
1737 1813 1823 1884 Un-

194 1969 307 2020 nnroe
332 1946 452 2018 simul
478 1942 738 2016 coelebratum
761 1945 1002 2036 convivium5
1045 1944 1260 2041 ultimaqoe
1287 1944 1457 2015 convivii
1482 1945 1545 2016 die
1574 1948 1739 2018 Unuura
1768 1947 1825 2018 ad

197 2079 392 2153 tumulum
410 2081 491 2175 ipsi
509 2080 666 2171 factum
692 2078 928 2177 efferebatur
933 2105 947 2173 ,·
975 2078 1137 2174 nauigio
1157 2078 1199 2147 in
1216 2079 1366 2148 tumulo
1383 2077 1585 2172 imposita,
1602 2105 1823 2178 magnaqoo

198 2240 315 2313 opum
333 2197 525 2312 apposita
545 2215 617 2303 uis,
638 2226 781 2310 postea
801 2215 975 2284 tumulus
993 2224 1176 2308 congesta
1191 2210 1308 2283 ltumo
1324 2211 1494 2282 clausus.
1546 2213 1702 2286 Deinde
1720 2214 1771 2286 Ol
1798 2253 1823 2271 -

195 2373 268 2424 cus
284 2373 364 2420 rem
369 2347 625 2442 familiarem
635 2347 829 2420 Hoammi
845 2349 1088 2445 omniumque
1106 2370 1236 2418 rerum
1252 2345 1658 2436 administrationem,
1679 2359 1825 2418 aucto-

195 2481 304 2557 ribus
320 2483 500 2578 cognatis
517 2481 611 2574 suis,
628 2485 693 2580 qvi
712 2483 843 2580 ipsum
859 2483 1090 2571 inviserant,
1109 2480 1334 2579 capessivit.
1387 2481 1524 2552 Finito
1539 2505 1630 2554 vero
1647 2481 1826 2557 convicio

199 2619 351 2692 Olavus
383 2616 587 2714 quemlibet
616 2619 907 2692 existimatione
933 2617 1227 2713 pracellentem
1260 2614 1363 2688 inter
1397 2617 1585 2690 convivas
1614 2629 1826 2714 antequam

196 2753 326 2824 abiret
351 2752 569 2849 magnificis
597 2753 763 2825 donavit
786 2750 1022 2826 muneribus.
1087 2751 1237 2824 Olaous
1250 2751 1436 2846 potentia
1453 2764 1569 2848 atqve
1584 2751 1826 2826 auctoritate

188 2887 372 2980 ‘illustris
396 2885 524 2957 evasit
547 2881 586 2956 8<
606 2887 798 2959 Hvammi
824 2913 941 2986 usque
964 2889 1021 2958 ad
1037 2898 1266 2960 senectutem
1282 2885 1555 2976 babitaculum
1574 2884 1709 2955 tenuit.
1763 2885 1824 2956 Hi

193 3029 315 3092 erant
333 3015 446 3086 liberi
464 3018 582 3088 Olaoi
597 3032 713 3112 atqve
725 3017 923 3109 Alfelisoe:
966 3019 1146 3090 Tbordus
1165 3021 1341 3090 Gellirus
1364 3021 1429 3116 qvi
1445 3020 1687 3114 Hrodnyam
1701 3020 1823 3114 bleg-

191 3151 254 3252 gii
267 3147 716 3242 Midffbrdcnsisfiliam
732 3149 774 3219 in
785 3149 1039 3244 matrimonio
1053 3148 1195 3230 babuit
1200 3174 1214 3241 ,¹
1240 3151 1397 3220 Horum
1406 3151 1490 3244 filii
1506 3163 1632 3240 erant,
1651 3151 1823 3246 Eyolsus

78 3299 81 3306 '
198 3287 336 3359 Grdus
360 3277 589 3375 (Glaucus),
630 3279 877 3352 Tleorariuus
895 3282 1089 3375 Fylsenni
1112 3279 1376 3378 (Eborisrons)
1401 3280 1440 3355 8<
1458 3283 1684 3356 Tltorlcillus
1708 3279 1830 3382 Kug-'
1878 3329 1880 3334 .

193 3422 296 3520 gius.
349 3415 460 3487 Filia
475 3413 593 3486 Olaui
607 3415 789 3486 Feilanis
810 3427 898 3485 erat
912 3415 1057 3506 Thora,
1084 3395 1305 3488 Thorsteini
1326 3415 1577 3488 Tltorsleabiti
1593 3416 1823 3516 (asellorum

197 3549 451 3651 captatoris),
465 3548 550 3642 filii
565 3549 600 3620 T
596 3547 738 3640 ltorolfi
748 3547 1090 3645 Mastrarskeggii,
1117 3573 1236 3642 uxor,
1263 3549 1523 3645 Illorumfilii
1536 3564 1653 3624 erant
1668 3555 1823 3626 Bo’rlcus

195 3679 1521 3784 Digrus(Crassus)atqoeTborgrimusSuorronisPontifioispater.
1548 3689 1682 3785 Helgo
1693 3691 1825 3762 altera
1889 3745 1892 3752 .

187 3821 286 3920 filio
308 3819 424 3892 Olaoi
441 3829 674 3914 nuncupata
689 3830 767 3908 est,
800 3819 914 3891 illam
933 3821 1149 3892 Gunnarus
1163 3820 1346 3912 Hlisaris
1362 3819 1479 3914 filius
1507 3822 1549 3893 in
1573 3825 1826 3898 matrimonio

196 3955 351 4031 babuit.
403 3952 559 4026 Horum
574 3952 679 4048 filiae
700 3966 835 4026 erant:
860 3955 1035 4048 lofrida,
1055 3957 1232 4052 primum
1261 3955 1474 4028 Tltoroddi.
1493 3945 1824 4054 Tunguoddifilii
1943 4021 1949 4030 .

198 4091 386 4184 deinceps
407 4089 628 4159 Tltorsteini
647 4087 773 4182 Egilli
788 4087 867 4182 filii
892 4091 1052 4186 conjux5
1094 4101 1211 4186 atqve
1235 4089 1450 4162 Tborunna
1473 4116 1573 4163 uxor
1599 4093 1826 4167 Hersteinis

203 4223 401 4300 Tborlcilli
411 4221 506 4314 filii,
525 4225 634 4322 cujus
644 4225 1179 4318 patereratBlundlcetillus.
1211 4225 1344 4296 Tertia
1358 4226 1449 4319 filia
1462 4228 1581 4300 Olaui
1595 4229 1824 4303 eratTltor-
1909 4275 1911 4280 ·

199 4361 310 4446 diso,
356 4381 472 4455 qoam
506 4357 751 4428 Tltorariuus
773 4355 1031 4454 Ragabrodir
1058 4355 1181 4455 (Ragt
1199 4358 1377 4457 frater),
1420 4361 1584 4457 Legifer
1614 4362 1755 4436 ltobuit
1780 4364 1823 4438 in

197 4491 462 4565 matrimonio.
475 4492 534 4562 Eo
546 4503 717 4586 tempore
728 4517 800 4589 qvo
814 4494 1162 4594 Olaous'Hoammi
1170 4493 1392 4582 habitabat,
1401 4495 1654 4590 Dalakollus,
1664 4523 1824 4596 quocum

201 4641 288 4700 erat
306 4623 511 4725 affinitate
522 4627 763 4722 conjunctus,
783 4625 823 4697 in
841 4627 1015 4700 morbum
1032 4628 1175 4700 incidit
1194 4629 1354 4728 indeqoe
1370 4632 1620 4708 moriebatur.
1644 4635 1824 4710 H'o'skul-

198 4800 472 4820 m

253 4897 282 4980 ³)
307 4897 398 4960 Audr
421 4901 517 4959 etiam
536 4901 570 4959 in
592 4898 782 4980 Eyrbyggia
803 4897 917 4981 ubique
940 4913 1086 4974 occatur,
1124 4905 1159 4962 in
1182 4901 1290 4978 Njalo
1312 4925 1384 4968 cero
1406 4905 1487 4966 Udr.

1584 4995 1625 5094 ‘c
