4612 5832
801 483 1071 600 ’-ἒὲ-

162 737 319 822 mirati,
359 757 474 830 qoam
498 741 681 805 venustus
706 741 821 826 atqve
842 743 1035 824 augustus
1057 741 1345 823 essetnspeotu.
1409 727 1621 800 Armorum
1637 753 1780 825 qvoqve

161 887 276 970 atqve
294 871 456 946 vestitus
473 891 639 962 magnus
656 866 842 956 splendor
857 876 956 936 erat.
1015 883 1019 890 ’

783 1369 1129 1498 οᾹΡ’.’ΧΧΙΙΙ.

310 1697 312 1701 ·
359 1623 582 1731 Memorioe
601 1629 886 1744 traditunz‘est,
917 1671 1078 1752 patrem
1095 1669 1211 1751 atqve
1224 1655 1370 1749 filium,
1392 1655 1639 1727 Ho'sluldum
1661 1666 1775 1749 atqve

162 1801 343 1883 Oluoum,
367 1823 388 1866 e
407 1793 660 1866 tobernnoulo
683 1815 854 1886 egressos
870 1791 1048 1884 Egillum
1068 1790 1297 1862 convenisse.
1350 1792 1506 1884 Egillus
1531 1791 1690 1860 comiter
1712 1812 1775 1857 eos

158 1932 391 2027 excipiebat,
412 1929 558 2022 soepius
578 1928 830 2016 enimsuernt
848 1949 933 1996 cum
946 1924 1151 1994 Hiiskulclo
1169 1924 1393 1993 collocutus.
1439 1925 1534 1994 Tum
1550 1923 1776 1994 Hiiskulclus

147 2067 241 2159 filio
258 2089 415 2134 uxorein
433 2060 582 2130 ambire
595 2083 766 2144 exorsus,
787 2057 1065 2150 Tliorgertlom,
1080 2079 1163 2150 qooe
1179 2055 1232 2124 ili
1247 2079 1388 2150 qvoqve
1404 2057 1445 2125 in
1455 2055 1778 2145 comitiisnclsuit,

158 2199 223 2268 illi
235 2197 367 2292 petiit.
395 2195 552 2286 Egillus
567 2193 652 2262 leoec
669 2194 785 2260 laetus
802 2164 934 2258 audiit
951 2191 1082 2258 disens
1100 2187 1240 2258 bonnm
1252 2189 1389 2282 patris
1405 2160 1525 2284 atqve
1530 2161 1608 2280 filii
1614 2190 1776 2279 samam

155 2313 213 2401 nel
232 2355 271 2400 se
285 2327 519 2424 pervenisse.
578 2325 630 2394 Et
649 2326 798 2420 utique,
835 2323 977 2418 inquit,
1004 2322 1082 2392 seio
1102 2323 1137 2391 te
1151 2321 1371 2408 Ho'slulele,
1388 2289 1534 2392 'virum
1550 2348 1628 2390 esse
1638 2345 1778 2415 genere

155 2464 325 2535 nobilem
341 2474 456 2554 atqve
469 2458 915 2551 magniustimnnduim
947 2423 1098 2526 Oluvus
1109 2467 1238 2524 nutem
1257 2455 1395 2524 itinere
1409 2479 1478 2524 suo
1498 2453 1664 2524 illustris
1685 2455 1777 2524 resl-

152 2597 267 2668 'elitus
282 2608 355 2683 est,
382 2615 449 2664 neo
462 2592 699 2680 mirandum,
717 2591 751 2660 si
770 2581 871 2659 tales
886 2588 964 2660 oiri
980 2591 1138 2684 majores
1150 2585 1359 2682 oppetunt,
1385 2583 1496 2658 linull
1506 2589 1610 2658 enim
1628 2589 1690 2657 illi
1707 2591 1777 2658 cle-
1828 2596 1831 2610 '

152 2741 218 2800 est
233 2726 361 2798 nobile
373 2749 495 2820 genus
512 2748 580 2793 neo
596 2738 798 2810 venustus,
833 2746 966 2793 oerum
990 2734 1121 2816 tanton
1140 2722 1370 2816 loquendum
1392 2723 1439 2790 ele
1460 2721 1522 2790 nis
1541 2745 1626 2795 cum
1649 2721 1778 2792 ’Πιον-

150 2863 296 2957 gerolo,
317 2883 425 2928 nemo
441 2857 544 2924 enim
565 2857 600 2926 T
596 2857 831 2956 borgerdcnn
848 2856 1014 2924 invitam
1030 2854 1205 2922 abducet.
1248 2855 1615 2926 Illisluldussliuit:
1642 2855 1777 2926 vellem

154 2986 693 3081 teEgilledeliisoumfilia
714 2986 827 3080 loqui.
880 2985 1037 3076 Egillus
1059 3009 1097 3052 se
1123 2986 1180 3051 ito
1201 2987 1409 3076 facturum
1423 2990 1630 3081 promisit3
1668 2990 1778 3080 jom-

155 3147 228 3220 qve
246 3119 426 3188 convenit
438 3116 573 3208 filiam
590 3113 779 3208 &coepto
795 3117 883 3209 jum
900 3115 1003 3182 inter
1020 3139 1083 3182 eos
1099 3093 1289 3218 cbolloqoio
1309 3117 1410 3185 dixit
1424 3119 1597 3210 Egillus:
1629 3121 1702 3190 Oln
1711 3143 1777 3189 vus

158 3267 216 3326 est
235 3274 373 3320 nomen
391 3249 489 3336 viro,
517 3249 580 3316 cui
594 3247 824 3318 Hb‘skulclus
834 3239 977 3351 putem
1005 3246 1072 3314 ille
1090 3246 1191 3315 inter
1206 3247 1492 3318 illustrissimos
1509 3251 1625 3346 liujus
1644 3251 1778 3318 estatis

157 3387 266 3462 viros
293 3381 568 3451 numerandus.
634 3381 760 3449 Pater
786 3378 896 3446 illius
914 3361 1144 3446 Hoslulllus
1166 3371 1322 3462 zenonem
1339 3382 1402 3449 illi
1420 3406 1612 3476 qvoerens,
1653 3396 1689 3452 te
1713 3353 1779 3452 illi

153 3516 295 3615 petiit,
334 3537 403 3608 ego
419 3525 550 3582 autem
567 3524 677 3582 tunm
694 3513 934 3582 voluntatem
950 3511 1123 3580 maximi
1137 3514 1354 3582 discendnm
1374 3515 1479 3603 dixi,
1506 3518 1596 3610 jam
1620 3529 1689 3588 tun
1713 3540 1778 3588 re·
1885 3571 1888 3578 -

158 3673 309 3746 sponsa
327 3647 425 3714 seire
440 3646 575 3738 cupio,
608 3667 741 3716 oerum
759 3655 889 3714 tamen
907 3643 1008 3710 citra
1028 3643 1296 3735 difficultatem
1313 3647 1487 3737 videtur,
1524 3652 1780 3745 tnlirespon-

160 3785 255 3853 dere
264 3778 461 3872 petitioni,
475 3775 618 3848 nobilis
632 3777 733 3846 enim
747 3773 831 3846 lzaeo
847 3787 905 3845 est
919 3777 1100 3846 conditio.
1146 3777 1371 3873 leorgenln
1394 3786 1616 3874 respondit:
1641 3784 1780 3858 audivi

160 3927 202 3984 te
220 3911 496 4004 affirmantem,
524 3912 693 3981 omnium
710 3909 920 3980 liberorum
939 3921 1092 3978 tuorum
1110 3914 1277 3982 maxime
1295 3926 1331 3983 te
1348 3926 1483 3984 memet
1499 3915 1673 4008 diligere,
1688 3920 1781 4012 jam

160 4047 236 4117 lioo
249 4044 766 4136 salsumreclderevitleris,
803 4041 989 4134 siquidem
1009 4065 1130 4112 serooe
1148 4049 1243 4111 nuto
1268 4067 1327 4114 me
1345 4045 1497 4116 elocare
1512 4048 1588 4136 vis,
1621 4047 1695 4116 etsi
1714 4050 1782 4122 ille

161 4179 216 4248 sit
230 4177 430 4270 formosus
452 4178 688 4272 multumque
704 4174 1045 4270 pompoestucleat.
1104 4174 1404 4270 TuncEgillus:
1437 4181 1527 4250 Non
1542 4181 1626 4267 tibi,
1645 4183 1782 4279 inquit,
1892 4165 1899 4240 s

163 4322 280 4381 tanto
300 4310 342 4378 in
358 4307 419 4378 lzis
438 4323 585 4405 quanta
603 4307 812 4387 incaeteris
826 4291 1059 4400 piudenti'a.
1112 4307 1201 4376 Non
1220 4320 1300 4377 tute
1318 4313 1521 4398 audivisti,
1537 4315 1650 4385 illum
1660 4315 1782 4411 Myr-

163 4441 363 4533 lcjartonis
386 4442 605 4536 Hybernioe
630 4442 732 4534 regis
753 4467 833 4510 esse
852 4436 1057 4536 nepotem?
1090 4451 1310 4511 maternum
1329 4443 1393 4512 illi
1408 4471 1532 4538 genus
1548 4475 1644 4520 sone
1658 4451 1782 4522 multo

165 4571 336 4656 nobilius
357 4600 473 4670 qoam
492 4591 726 4670 paternum,
759 4573 832 4642 etsi
855 4572 927 4642 lzoo
947 4571 1219 4667 qvoqve'nobis
1237 4589 1302 4646 sot
1319 4603 1549 4670 generosum
1564 4583 1784 4654 nubendum

164 4718 274 4778 esset.
331 4709 473 4779 Noluit
490 4711 640 4805 quidem
661 4709 696 4778 Τ
693 4705 887 4802 horgercln
905 4707 952 4774 cle
967 4705 1030 4774 lzis
1046 4710 1295 4800 persuaderi,
1322 4722 1359 4780 et
1370 4711 1491 4804 finito
1509 4718 1699 4812 colloquio
1717 4715 1784 4786 di-

167 4839 377 4910 scedebant
399 4867 478 4916 non
500 4843 582 4914 sine
605 4841 852 4912 dissensione.
904 4839 983 4912 Die
1001 4854 1176 4937 seqvente
1192 4841 1348 4936 Egillus
1367 4845 1662 4920 tubernaculum
1676 4847 1787 4920 H'os-

1512 4981 1588 5050 Mn
