4590 5844
752 520 1060 648 Ἀ

140 778 400 875 paraverint,
426 769 1160 884 talisoonditioofferetur;&sicpo'rro
1175 775 1423 874 Thorgilsus:
1449 779 1582 850 eadem
1600 774 1767 852 Lambio

145 912 315 983 conditio
341 909 418 979 erit
440 909 632 1002 eligenda.
697 909 952 981 Tnorstcinus
976 909 1115 982 melius
1139 911 1222 982 sibi
1237 911 1611 1006 cideriaffirmavit,
1637 912 1671 982 si
1698 913 1767 986 itte

145 1047 255 1115 baud
276 1045 383 1114 solus
413 1042 491 1140 ista
516 1041 673 1111 ratione
693 1053 948 1112 tractaretur.
1008 1043 1153 1114 Postea
1168 1043 1397 1140 Tborgilsus
1421 1044 1630 1115 Lambium
1651 1047 1707 1115 ad
1725 1069 1765 1116 se

143 1176 314 1260 vocavit,
364 1173 637 1254 Yborsteinum
659 1195 824 1268 rogans,
846 1149 908 1244 'ut
929 1197 1062 1245 eorum
1090 1176 1278 1270 colloquio
1313 1177 1522 1246 interesset.
1597 1175 1764 1270 Tumque

143 1309 266 1380 dixit:
290 1307 451 1378 «tndem
469 1328 634 1400 remago
654 1316 776 1376 tecum
791 1305 1095 1400 agam,Lambi!
1121 1330 1237 1402 qvam
1256 1332 1324 1402 ego
1332 1307 1519 1403 jamoum
1534 1305 1763 1379 Tborsteino

141 1441 204 1536 egi
213 1467 224 1512 :
259 1439 407 1536 qualem
425 1438 585 1510 honoris
610 1439 895 1510 restitutionem
909 1439 1036 1512 Bollii
1043 1411 1148 1532 filiis
1168 1435 1306 1534 offeres
1317 1463 1397 1534 pro
1423 1439 1507 1511 illis
1525 1438 1762 1524 criminibus,

141 1597 226 1670 quoe
244 1575 285 1643 in
301 1573 393 1643 illos
406 1569 642 1646 commisisti.
691 1571 782 1642 Hoc
795 1573 898 1643 enim
916 1577 1048 1645 oerum
1068 1569 1178 1641 nobis
1195 1573 1365 1642 relatam
1384 1585 1462 1659 est,
1490 1585 1527 1644 te
1543 1571 1678 1644 Bouto
1697 1570 1763 1641 in-

132 1709 284 1799 festam
299 1729 459 1777 manum
479 1703 678 1793 intulisse,
704 1715 744 1774 ot
763 1703 959 1798 duplicem
977 1705 1124 1800 quidem
1141 1701 1186 1774 ob
1204 1706 1418 1792 rationem,
1443 1706 1517 1778 noo
1531 1717 1575 1776 tu
1595 1704 1764 1778 muttum

140 1862 278 1935 urgere
292 1838 472 1922 crimine,
496 1859 589 1906 nam
604 1830 643 1906 8<
655 1835 822 1906 muitum
842 1836 1081 1908 adhortatus
1097 1861 1137 1910 es
1155 1837 1394 1908 adBolliurn
1408 1831 1762 1930 interficiendum&

140 1971 213 2042 boc
239 1975 286 2046 de
310 1983 345 2042 tc
367 1971 496 2040 minus
518 1968 659 2038 mirum
683 1989 799 2062 qvam
822 1966 973 2036 coeteris
980 2017 993 2054 ,
1025 1965 1060 2034 si
1081 1967 1315 2060 Olarifilios
1332 1944 1520 2062 excipias
1570 1967 1763 2040 Lambius

137 2107 295 2200 rogavit
315 2106 408 2200 qvid
422 2101 496 2173 sibi
509 2109 807 2196 proponeretur.
865 2098 900 2168 Τ
896 2097 1093 2193 borgilsuo
1111 2099 1224 2188 dixit,
1250 2100 1412 2170 eandem
1426 2101 1491 2169 illi
1499 2100 1759 2171 conditionem

135 2267 185 2311 ac
207 2235 436 2310 Tborsteino
461 2232 636 2304 oblatam
646 2230 755 2323 fore,
778 2243 823 2300 ut
837 2229 1097 2322 iliosfratres
1116 2233 1379 2304 comitaretur.
1422 2231 1613 2304 Lambius
1631 2195 1757 2303 diuiti

137 2501 466 2598 itersusccperim.
510 2497 728 2570 duntaxa
741 2496 1017 2568 normanus.-
1039 2495 1313 2570 itaudiroc'erit
1324 2498 1571 2586 tutissimum,
1586 2494 1756 2570 Lumbi!

137 2641 197 2708 ita
216 2644 375 2730 reponte
389 2631 585 2706 auxilium
599 2653 711 2702 suum
726 2631 938 2726 denegare,
969 2629 1109 2726 magni
1127 2629 1231 2702 enim
1247 2632 1322 2704 viri
1339 2628 1378 2704 8<
1389 2635 1527 2706 multoc
1543 2629 1756 2726 dignitatis

136 2771 253 2862 hujus
270 2791 401 2854 causa
416 2776 510 2854 sunt
519 2762 764 2872 participes,
788 2785 828 2835 se
842 2774 975 2835 autem
989 2773 1221 2854 autumant,
1255 2777 1321 2836 sat
1347 2765 1415 2836 diu
1443 2765 1631 2862 injuriam
1652 2783 1753 2858 per·

137 2901 286 2976 tulisse.
319 2891 385 2970 De
396 2895 524 2969 Boliii
539 2893 779 2989 autemfiliis
795 2893 895 2966 mibi
909 2895 1083 2966 relatum
1100 2905 1169 2984 est,
1194 2919 1350 2994 magnac
1363 2897 1448 2992 spei
1455 2897 1547 2969 ilios
1556 2921 1637 2969 esse
1646 2895 1752 2968 ciros
1877 2889 1881 2897 “

134 3059 184 3134 ao
206 3031 418 3104 admodum
444 3027 705 3118 vehementem
736 3048 893 3119 magna
915 3038 1046 3096 autem
1072 3018 1202 3098 cladis
1227 3028 1404 3100 uindicta
1429 3029 1512 3100 illis
1533 3028 1749 3124 expetenda

134 3147 204 3240 est.
258 3167 341 3238 Nec
362 3161 480 3234 aliud
498 3159 650 3258 qvidem
673 3129 911 3253 sperandum
940 3182 1053 3255 qoam
1078 3171 1124 3231 ut
1148 3161 1308 3256 aliquod
1333 3160 1613 3233 incommodum
1645 3158 1748 3230 talia

109 3357 112 3363 -
123 3277 317 3394 facinora
345 3293 608 3392 subsequatur.
664 3291 717 3364 Et
737 3290 836 3362 mibi
851 3289 1001 3388 quidem
1018 3291 1092 3363 hoc
1106 3291 1272 3363 maxime
1286 3293 1382 3366 vitio
1397 3305 1569 3368 vertetur
1580 3301 1749 3389 propter

132 3457 259 3506 meam
275 3454 361 3503 oum
371 3427 518 3524 Heigio
531 3423 766 3520 affinitatem
781 3419 821 3496 8(
838 3423 898 3494 ita
909 3425 1116 3521 plerosquo
1128 3425 1354 3499 existimare
1371 3427 1495 3499 sentio
1503 3479 1516 3514 ,
1549 3425 1649 3522 quod
1665 3447 1752 3495 om-

132 3568 203 3640 nia
217 3565 310 3640 citoe
319 3559 589 3658 posthabeant
604 3552 643 3629 it
658 3559 702 3629 id
715 3557 863 3656 quidem
875 3557 1099 3652 periculum
1108 3559 1284 3657 primum
1293 3561 1625 3659 propulsandum,
1650 3555 1753 3654 qvod

127 3701 393 3798 primumsese
403 3691 529 3788 offert.
553 3689 872 3763 Lambiuodicit:
896 3691 1286 3784 manifestumccbis,
1311 3689 1751 3792 quassationibus

130 3830 244 3905 cordi
267 3821 402 3899 sint&
428 3823 519 3894 bene
542 3823 745 3896 convenire
754 3825 893 3919 J'udioo
901 3874 914 3908 ,
946 3837 991 3896 ut
1008 3823 1126 3920 hujus
1145 3826 1203 3898 rei
1228 3827 1300 3910 tibi
1317 3827 1527 3899 arbitrium
1543 3825 1613 3914 sit,
1639 3821 1673 3892 si
1688 3820 1750 3891 ita

133 3963 373 4038 tutissimum
392 3967 598 4044 autumas,
651 3956 720 4025 diu
738 3954 840 4026 enim
864 3968 1001 4027 nostra
1025 3958 1191 4031 societas
1211 3958 1322 4028 baud
1335 3941 1427 4051 ¹fuit
1448 3961 1531 4032 sine
1544 3956 1745 4053 periculo‚·

134 4101 177 4168 id
189 4119 280 4169 vero
297 4087 652 4190 mibi'depaciscar,
677 4083 715 4196 ci
731 4086 771 4158 in
788 4088 905 4203 bajus
918 4111 1049 4159 causoe
1059 4077 1199 4184 partos
1213 4093 1363 4177 venero,
1381 4059 1488 4188 'qood
1495 4085 1652 4184 cognati
1660 4083 1748 4168 mei,

135 4229 251 4303 Olavi
271 4225 370 4320 titii,
405 4221 524 4320 quieti
541 4245 589 4292 ac
607 4219 752 4292 intacti
765 4231 971 4312 maneant,
997 4221 1032 4292 si
1050 4223 1092 4294 in
1109 4211 1256 4319 Helgio
1273 4219 1448 4296 vindicta
1467 4205 1540 4294 e'rit
1552 4219 1744 4319 pe‘rfeo'ta.

138 4361 367 4459 Thorgil'sus
383 4359 456 4429 boc
461 4353 645 4448 fratrum
662 4353 814 4426 nominc
829 4355 1074 4450 itasuturum
1086 4331 1307 4452 affirmavit.
1359 4355 1746 4452 Ratumitaqcesac·

133 4509 225 4580 nrm,
249 4489 565 4565 utthorsteinus
581 4513 630 4561 ac
641 4485 829 4562 Lambius
841 4489 1094 4584 Thorgilsum
1107 4491 1231 4567 inbao
1240 4489 1484 4589 expeditione
1492 4499 1748 4588 sequerentur,¹

131 4653 179 4698 ac
196 4628 299 4701 iuter
313 4650 376 4706 eos
394 4624 667 4712 constitutum,
694 4633 737 4694 ut
754 4624 875 4694 tertia
892 4621 1086 4696 tte-mone
1112 4625 1258 4721 Tungoe
1283 4627 1324 4698 in
1342 4625 1583 4701 Ho‘rdadalo
1603 4643 1747 4693 conve-

132 4763 273 4832 nirent.
306 4855 309 4861 Ι
331 4761 475 4860 Postea
498 4757 707 4828 discessere
712 4781 727 4842 ;
768 4755 996 4852 Tborgilsus
1021 4781 1176 4853 vespere
1209 4759 1384 4858 Tangam
1407 4763 1562 4834 domum
1588 4755 1757 4848 equitat.

127 4895 292 4987 Jamque
311 4903 460 4986 tempus
477 4891 655 4985 elapsum
674 4873 856 4961 odiliam
874 4913 992 4986 usqae
1004 4889 1162 4984 boram,
1188 4917 1283 4990 qva,
1310 4907 1355 4964 ut
1372 4893 1454 4977 itti,
1481 4888 1543 4982 q'vi
1559 4881 1744 4978 Tborgii-

1423 5021 1456 5091 L
1482 5019 1494 5090 l
1523 5041 1542 5088 a
