4636 5832
946 405 1055 534 31¹

874 559 1089 576 ῌ

153 671 554 806 tumqueH’cislouldus
562 695 660 778 'XII
664 703 867 798 foeminas
884 704 994 777 intra
1013 705 1255 778 considentes
1273 705 1485 802 conspexit.
1542 707 1792 812 Gillinsllo'-

157 847 341 920 skuldum
361 843 516 914 intrare
525 840 689 936 jubebat
706 836 744 913 8<
764 841 917 938 siquam
934 863 981 910 ex
998 839 1061 912 liis
1077 840 1307 912 mulieribus
1322 866 1445 914 emere
1470 859 1631 937 cuperet
1653 850 1789 922 consi-

158 983 310 1056 derare.
362 976 661 1074 EtHciskuldus
686 975 837 1074 qvidem
853 974 1045 1066 intravit,
1082 999 1212 1046 omnes
1238 975 1326 1048 istae
1352 979 1537 1048 mulieres
1550 1003 1626 1072 per
1645 985 1788 1062 trans-

158 1138 313 1190 versum
340 1109 552 1186 tentorium
585 1089 852 1181 consederunt.
917 1087 1148 1194 Hdslculdus
1181 1110 1365 1182 mulieres
1396 1136 1658 1207 magnacum
1691 1143 1801 1197 curu:

157 1245 506 1346 contemplabatur
537 1257 690 1342 tumque
717 1245 774 1315 ad
803 1243 1022 1340 marginem
1056 1243 1217 1316 tentorii
1238 1246 1343 1315 male
1374 1247 1558 1318 vestitam
1586 1251 1791 1324 mulierem

157 1353 375 1480 conspexit.
441 1381 647 1454 Hdsluldo
672 1381 746 1451 illa
760 1379 901 1450 mulier
905 1376 1102 1470 formosa,
1128 1391 1320 1474 qnatenus
1337 1381 1511 1474 conspici
1521 1385 1678 1477 potuit,
1705 1387 1792 1457 aisa

157 1531 227 1591 est.
289 1517 388 1590 uum
412 1503 671 1586 Hiis'lc'uldusi
721 1501 982 1604 Qlantiilla,
1009 1501 1045 1582 si
1063 1501 1132 1609 'ego
1152 1537 1287 1584 emero.
1344 1505 1492 1586 Gillias
1509 1518 1791 1611 respondebat:

159 1647 286 1724 tribus
303 1647 402 1720 milti
419 1637 566 1720 marcis
584 1647 741 1744 argenti
757 1647 899 1718 solutis
915 1646 1030 1718 illam
1051 1669 1168 1720 emas.
1220 1645 1451 1718 Hoslculdus
1469 1672 1570 1740 aero,
1598 1649 1656 1721 ita
1676 1651 1787 1739 milti,

158 1782 306 1880 inquit,
330 1781 487 1855 videtur
510 1793 556 1852 ut
581 1782 697 1878 liujus
721 1782 884 1854 ancillae
909 1781 1074 1854 nimium
1098 1781 1348 1880 constitueris
1361 1782 1557 1876 pretinm,
1599 1781 1672 1855 lroc
1687 1785 1791 1858 cuim

158 1916 307 2012 triplex
345 1916 522 2012 pretium
560 1928 628 1988 est.
710 1916 781 1988 Cui
821 1915 992 1988 Gillias:
1027 1917 1183 2022 Recte,
1237 1914 1388 2012 inquit,
1436 1915 1511 1985 lzoc
1534 1915 1651 2006 dicis,
1690 1921 1793 2016 qvod

155 2051 322 2136 maioris
365 2075 481 2147 qvam
515 2063 664 2123 ceteras
695 2051 821 2145 pretii
858 2027 974 2120 illam
995 2047 1248 2137 existimem,
1284 2071 1359 2144 age
1394 2073 1485 2121 aero
1520 2049 1619 2144 elige
1653 2075 1699 2122 ex
1726 2052 1789 2123 lzis

156 2184 336 2282 undecim
377 2185 603 2282 aliqcam,·
627 2209 714 2282 qvae
750 2183 823 2255 tibi
847 2205 1002 2254 *marca
1043 2181 1202 2278 argenti
1245 2181 1394 2276 venien
1446 2183 1532 2254 lcoec
1573 2187 1688 2278 apud
1731 2211 1792 2259 me

156 2316 383 2392 remanebit.
461 2318 558 2390 Turn
581 2317 836 2389 Hiiskuldus:
881 2317 973 2388 Hoc
992 2314 1111 2412 prius
1133 2317 1307 2424 experiri
1330 2317 1373 2388 in
1394 2315 1528 2388 animo
1549 2329 1625 2404 est,
1659 2343 1789 2416 qvan-
1848 2302 1851 2308 ¹

158 2467 240 2526 tum
254 2453 413 2552 argenti
425 2453 466 2526 in
475 2453 552 2524 leae
565 2476 750 2525 crumena
760 2474 876 2550 qaam
891 2473 1002 2524 uonoe
1015 2450 1175 2547 affixam
1188 2463 1299 2546 gesto
1315 2452 1586 2541 contineatur,·
1603 2452 1792 2552 simulque

160 2589 329 2662 Gillium
346 2585 490 2660 libram
504 2611 652 2660 sumere
661 2583 838 2682 jubebat.
893 2585 965 2658 Cui
990 2584 1160 2658 Gillius:
1197 2586 1299 2657 Haec
1314 2587 1460 2683 inquit,
1494 2611 1555 2657 res
1586 2613 1612 2656 a
1633 2613 1692 2658 me
1707 2591 1791 2662 sine

156 2725 250 2796 dolo
257 2705 497 2818 peragetur,
523 2687 618 2806 nain
632 2723 744 2795 leand
759 2722 836 2796 levi
861 2721 1014 2814 defecm
1037 2721 1121 2792 hoec
1150 2721 1293 2792 mulier
1321 2719 1500 2812 laborat,
1527 2732 1643 2816 atqve
1662 2723 1734 2794 leoc
1754 2737 1791 2796 te

154 2858 272 2940 scire,
296 2832 512 2943 Hei-inuida,
538 2843 659 2946 aclui,
692 2841 904 2951 antequam
926 2867 1064 2928 nostra
1082 2867 1177 2926 rata
1193 2853 1304 2946 fieret
1317 2868 1554 2926 mercatura.
1609 2857 1791 2935 Hiislcul-

153 2991 236 3064 dus
255 2995 346 3060 aero
362 2987 541 3082 rogavit,
567 2989 661 3082 qvid
673 2989 746 3060 noc
770 2989 828 3058 rei
844 3001 954 3058 esset.
1018 2989 1168 3060 Gillias
1187 2989 1469 3083 respondebat:
1517 2989 1620 3092 Haec
1647 2995 1791 3066 mulier

156 3133 273 3195 muta
289 3131 367 3205 est,
401 3131 440 3190 et
465 3121 604 3190 multis
623 3121 776 3215 quidem
787 3117 913 3190 modis
936 3141 1006 3213 ego
1029 3119 1144 3190 illam
1168 3123 1225 3189 od
1251 3120 1484 3214 colloquium
1494 3123 1683 3216 pellicere
1700 3139 1792 3198 stu·-

157 3255 250 3347 dui,
277 3277 346 3326 nec
363 3251 521 3324 verbum
534 3254 688 3349 quidem
708 3251 812 3322 milti
832 3273 1008 3348 anquam
1028 3253 1251 3354 respondit,
1294 3253 1412 3348 idque·
1429 3278 1508 3350 pro
1538 3267 1641 3326 certo
1665 3257 1791 3332 tabeo

159 3391 277 3461 illam
295 3387 498 3467 mulierem
521 3385 893 3481 nullopactoloqvi
905 3409 1036 3480 posse.
1095 3385 1327 3456 Ildskuldus
1357 3410 1464 3478 vero,
1499 3412 1625 3480 sume,
1662 3390 1791 3488 inqvit

159 3523 319 3610 libram,
337 3521 601 3609 utgideamus
618 3531 807 3618 quantum
825 3518 892 3590 isti
914 3521 1046 3611 loculi,
1063 3544 1157 3618 qvos
1172 3519 1238 3592 liic
1253 3531 1372 3610 teneo,
1395 3523 1587 3614 ponderis
1605 3523 1790 3598 habeant.

158 3661 231 3734 Ita
251 3657 403 3754 quidem
416 3655 522 3749 fecit
531 3655 702 3746 Gillius3
728 3666 1008 3750 argentumque
1019 3655 1288 3749 ponderatum
1306 3653 1426 3726 trium
1438 3657 1665 3730 marcarum
1682 3685 1791 3732 com-

155 3803 320 3894 pertum
340 3802 398 3862 est
416 3789 617 3886 ponderis.
682 3787 779 3864 Tum
802 3787 1044 3862 Hdslculdus.
1102 3787 1273 3884 Itajam
1299 3811 1362 3860 res
1388 3789 1553 3880 recidit,
1597 3806 1791 3868 utactum

161 3931 271 4001 inter
303 3921 374 4011 n'os
399 3925 535 3998 'ratum
552 3923 668 4018 foret
694 3923 914 4019 negotium,
963 3921 1069 3999 hanc
1105 3935 1148 3993 tu
1175 3924 1304 4020 recipe
1322 3920 1556 4020 pecuniam,
1602 3951 1672 4024 ego
1700 3955 1791 4004 aero

161 4062 369 4138 mulierem
382 4059 592 4156 accipiam.
648 4057 808 4134 Videris
825 4081 921 4129 sane
936 4054 1040 4126 liam
1050 4079 1130 4128 rem
1147 4058 1207 4128 uti
1217 4057 1331 4132 ltomo
1338 4059 1459 4156 frugi
1471 4062 1682 4156 peregisse,
1696 4086 1792 4138 nom

163 4197 321 4270 nullam
335 4205 474 4267 contra
492 4219 552 4266 me
568 4192 754 4269 adhibere
761 4191 956 4286 fraudem
969 4190 1140 4262 coluisti.
1191 4192 1347 4265 Deinde
1359 4194 1591 4266 H'dslsuldus
1607 4199 1663 4298 ad
1679 4223 1807 4300 ⁸¹!,W

164 4331 285 4404 rediit
326 4327 637 4402 tabernaculum.
719 4327 865 4400 Eodem
906 4348 1064 4421 vespere
1102 4324 1335 4396 H'o'slcaldus
1379 4351 1466 4400 cum
1505 4329 1591 4399 ista·
1628 4334 1792 4408 nizeliere

165 4449 383 4538 concubuit.
434 4463 515 4538 Die
531 4487 621 4537 cero
639 4473 827 4560 seqaente,
853 4484 940 4531 cum
954 4459 1129 4532 leomines
1152 4472 1274 4532 vestes
1303 4459 1576 4555 induerentur,
1613 4441 1794 4538 Hoslcul-

166 4603 260 4672 dus.-
283 4622 454 4697 parum,
489 4597 616 4696 inquit
626 4649 641 4688 ,
676 4595 978 4694 magnificentiae
1004 4593 1247 4690 conspicitur
1270 4596 1311 4668 in'
1338 4593 1423 4666 illis
1440 4597 1690 4691 uestimentis,
1708 4625 1793 4696 qvae
1914 4621 1916 4626 '

168 4734 319 4809 Gillias
354 4733 425 4807 ille
453 4729 577 4806 Dives
608 4731 679 4806 tibi
702 4730 894 4824 eradiait3
951 4705 998 4801 ai
1041 4729 1115 4802 ltoc
1147 4729 1298 4826 qvidem
1321 4755 1477 4804 verum:
1528 4734 1631 4828 qvod
1650 4735 1794 4830 majori

169 4868 326 4968 negotio
344 4867 548 4946 duodecim
560 4889 677 4968 qaam
693 4867 764 4942 uni
780 4867 1010 4942 vestimenta
1019 4861 1288 4962 parabantur.
1345 4867 1678 4940 TumHochuldus
1692 4867 1795 4940 cista
