4636 5832
862 457 1075 588 ...⁶2-

159 722 453 824 alloqvebatur:
492 717 621 790 Haud
642 713 897 786 dissimulabo
920 737 979 782 me
1003 707 1104 778 satis
1131 717 1367 799 compertum
1390 703 1550 794 babere,
1593 717 1629 775 te
1652 704 1778 776 virum

155 885 235 931 esse
245 849 641 952 prastantissimum,
669 860 711 918 tu
734 847 835 918 euim
849 839 1192 918 excellentissimos
1219 837 1343 942 nujus,
1361 850 1478 908 terrm
1502 837 1608 908 ciros
1631 839 1777 912 virtute

155 992 351 1086 adaquas,
372 981 601 1080 prudentiae
620 991 751 1050 autem
769 979 887 1048 loucle
898 977 989 1046 illos
1005 973 1171 1046 multum
1184 985 1361 1064 superas.
1421 970 1517 1040 Tum
1535 969 1597 1040 illi
1614 994 1777 1041 aureum

156 1095 261 1194 deelit
283 1119 476 1190 annulum
502 1127 618 1210 atqve
637 1114 769 1185 valere
781 1108 966 1202 jubebat,
1003 1102 1141 1174 deinde
1161 1103 1332 1172 amiculo
1356 1110 1479 1197 caput
1502 1101 1644 1196 obtegit
1660 1114 1777 1198 atqve

155 1258 195 1326 in
212 1254 344 1326 urbem
361 1245 771 1342 citatogradurecliit.
823 1243 982 1313 Hrutus
1001 1259 1091 1309 cero
1110 1235 1244 1306 navim
1264 1233 1557 1323 conscendebat,
1593 1235 1680 1305 vela
1704 1235 1777 1304 de-

153 1389 216 1460 dit
243 1385 392 1474 uentis,
430 1395 544 1478 atqve
567 1389 681 1453 vento
708 1401 802 1448 usuc
829 1373 995 1446 secundo
1017 1369 1073 1440 ad
1094 1365 1420 1462 Breidasjbrdum
1440 1367 1642 1460 pervenit,
1694 1379 1776 1438 tum

154 1543 270 1594 cursu
281 1520 491 1590 introrsum
499 1513 673 1608 flexoad
682 1511 835 1582 insulas
845 1501 1218 1599 (Breidsjbrdenses)
1228 1495 1482 1596 navigavit&
1496 1499 1776 1570 intravitFre-

154 1667 248 1740 tum,
259 1638 951 1749 qrodlatumvacatur(Breidasana)
960 1632 1324 1730 atqveKambsneso
1334 1628 1546 1729 appulit&
1548 1632 1776 1727 ponticulos

156 1787 196 1858 in
207 1798 353 1856 terram
362 1782 472 1878 ejecit
478 1806 493 1872 ,·
505 1781 595 1874 jam
606 1777 769 1850 nuntius
778 1777 825 1846 de
838 1769 1134 1846 navisadventu
1144 1765 1655 1863 qvodqveHrutusHerjolfi
1656 1763 1774 1858 filius

156 1920 236 2014 ejus
250 1929 349 1988 esset
360 1913 605 2008 gubernator
623 1912 854 2005 divulgatus
872 1917 931 1976 est
938 1929 951 1992 ,·
979 1901 1050 1972 boc
1068 1899 1207 1970 nuntio
1220 1899 1601 1992 Hosluldusparum
1612 1899 1774 1987 laetatus

43 2072 45 2086 ·
155 2063 211 2120 est
228 2073 295 2119 nec
312 2047 380 2118 ille
388 2049 566 2140 fratrem
584 2043 774 2116 convenit.
828 2040 986 2111 Hrutus
1003 2031 1098 2103 navi
1117 2029 1307 2100 subducta
1326 2044 1441 2125 atqve
1459 2031 1687 2124 composita,
1702 2055 1772 2100 ex-

155 2183 299 2252 struxit
314 2181 464 2269 villam,
488 2204 571 2275 qooe
585 2175 869 2250 Kambsnesum
885 2177 1025 2240 vocata
1043 2175 1111 2234 est.
1171 2163 1267 2234 Tum
1277 2165 1436 2234 Hrutus
1453 2165 1509 2232 acl
1526 2164 1773 2234 Hbskuldum

153 2341 244 2413 eqvo
260 2327 400 2404 vectus,
426 2325 648 2384 maternam
662 2308 932 2380 hoereditatem
949 2293 1190 2394 exposcebat.
1237 2281 1464 2366 Hbskuldus
1477 2295 1551 2364 sibi
1559 2297 1772 2390 pecuniam

151 2451 377 2523 solvendam
402 2473 482 2518 esse
502 2443 683 2540 negavit,
718 2463 786 2511 neo
808 2449 973 2508 matrem
997 2433 1152 2524 inopem
1176 2427 1227 2499 ab
1255 2427 1442 2498 Islanclia
1471 2429 1661 2522 migrasse
1685 2453 1771 2500 cum

150 2583 375 2678 Herjo‘lfum
392 2581 641 2652 convenisset.
700 2573 801 2646 Hoec
814 2569 948 2640 Hruto
964 2587 1113 2660 parum
1124 2564 1312 2658 placuere
1331 2562 1459 2646 dicta,
1497 2563 1614 2631 irrita
1640 2562 1771 2658 itaque

151 2741 193 2790 re
208 2717 318 2786 abiit.
375 2717 514 2786 Omnes
537 2710 663 2782 Hruti
681 2702 899 2802 propinqui
914 2710 1066 2794 proeter
1083 2696 1330 2766 Hosluldum
1345 2719 1529 2788 generose
1545 2719 1638 2790 ergo
1657 2696 1771 2766 illurn

151 2861 323 2946 egerunt.
375 2847 533 2916 Hrutus
557 2857 634 2912 tres
656 2840 811 2933 byemes
835 2835 995 2920 (serenos)
1020 2827 1253 2898 Kambsnesi
1271 2825 1497 2916 habitabat,
1531 2821 1568 2896 8(
1586 2828 1770 2921 plerum-

150 3006 223 3079 que
255 2982 297 3048 in
324 2977 492 3048 comitiis
524 2975 692 3067 aliisque
727 2964 976 3038 conventibus
1004 2958 1195 3053 legalibus
1225 2961 1437 3051 pecuniam
1477 2960 1531 3029 ab·
1563 2961 1768 3032 Hbskuldo

148 3109 467 3208 poscebatatqve
489 3105 633 3174 diserte
654 3123 766 3170 suam
784 3097 863 3190 egit
878 3114 1071 3162 caussam.
1129 3087 1400 3180 Compluribus
1417 3089 1474 3156 ita
1498 3091 1642 3179 visum,
1669 3097 1770 3188 qcocl

151 3245 307 3318 Hrutus
312 3243 466 3338 justam
475 3247 608 3330 ageret
620 3255 800 3304 caussam
806 3255 820 3311 ‚·
839 3223 1066 3296 Htskotous
1080 3231 1210 3289 autem
1226 3219 1481 3288 contendebat
1503 3221 1769 3315 leorgerdam

149 3390 297 3474 proeter
317 3397 429 3444 suum
444 3368 650 3440 consilium
664 3360 848 3454 Herjolfo
868 3367 1045 3450 nuptam.
1097 3353 1256 3420 Hrutus
1274 3362 1412 3418 contra
1430 3365 1594 3424 matrem
1611 3368 1692 3426 tum
1707 3359 1769 3428 sui

145 3513 251 3608 juris
263 3507 397 3601 fuisse
409 3501 602 3591 asseruit5
637 3499 696 3572 ita
715 3495 924 3564 discessum
938 3497 1027 3556 est·
1058 3483 1204 3554 Eodem
1222 3495 1411 3552 autumno
1427 3485 1655 3558 Hbsbuldus
1672 3515 1767 3561 con-

151 3644 297 3717 vivium
310 3639 423 3735 apud
434 3635 629 3708 Tltordum
641 3627 836 3702 Gocldium
852 3620 975 3708 aditu
1002 3617 1118 3712 liujus
1133 3615 1190 3683 rei
1194 3615 1317 3706 sama
1334 3617 1389 3684 acl
1403 3615 1531 3686 Hruti
1545 3643 1661 3694 aures
1664 3648 1768 3717 per-

152 3777 254 3858 lata,
270 3785 419 3866 tumque
436 3768 600 3840 illesum
614 3763 703 3836 XII
721 3749 1147 3834 oirisH'cisluldstaclos
1159 3743 1364 3842 profectus
1383 3761 1440 3820 est
1464 3745 1501 3820 8(
1518 3753 1677 3826 totidem
1700 3783 1781 3852 r·e-‚

154 3907 261 3976 lictis
293 3907 378 3974 XX
404 3901 515 3974 boues
546 3895 694 3991 abegit,
738 3889 858 3962 simul
884 3885 1089 3958 Hbskuldo
1115 3881 1223 3951 misit
1251 3882 1432 3951 nuntium
1471 3884 1536 3976 qvi
1565 3887 1767 3962 certiorem

154 4039 266 4110 illum
279 4035 450 4128 faceret,
472 4033 538 4104 ubi
561 4039 781 4102 armentum
802 4020 1050 4118 qvoerenclum
1071 4027 1179 4086 esset.
1250 4013 1449 4085 Ho'sluldi
1455 4015 1610 4105 famuli
1644 4025 1767 4094 armis

95 4239 98 4251 ,
151 4171 288 4241 statim
304 4169 500 4263 arreptis,
528 4162 732 4260 proximos
752 4154 910 4226 accolas
927 4149 1065 4222 nuntio
1083 4149 1139 4216 ad
1153 4170 1476 4236 seconoooaoere,
1503 4149 1561 4217 ita
1579 4151 1666 4223 XV
1670 4177 1766 4225 con..

151 4326 295 4374 venere.
350 4303 516 4395 Quisque
538 4319 653 4394 qvam
671 4289 805 4386 potnit
825 4285 992 4358 maxime
1015 4280 1100 4377 eqvi
1112 4279 1287 4372 gradum
1299 4279 1554 4351 accelerabat.
1607 4281 1767 4360 Hrutus

150 4447 263 4532 atqve
279 4435 393 4506 illius
410 4425 506 4504 socii
524 4427 722 4524 nonprius
743 4410 1025 4514 conspexerunt
1034 4423 1324 4509 persequentes,
1342 4435 1457 4507 qoam
1476 4411 1542 4482 ubi
1558 4417 1614 4486 ad
1627 4419 1766 4494 villam

17 4597 24 4618 ·
148 4566 430 4638 Kambsnesum
454 4564 566 4634 baud
593 4559 757 4631 multum
780 4555 970 4650 reliquum
990 4558 1078 4619 erat
1099 4545 1185 4617 ria.
1250 4545 1345 4614 Tum
1362 4545 1520 4616 Hrutus
1538 4571 1623 4618 cum
1650 4556 1765 4634 sociis

148 4699 285 4767 statim
309 4697 360 4788 ab
387 4722 480 4793 equo
506 4657 759 4766 ‹lescendebat
774 4700 890 4782 atqve
906 4681 1032 4756 uinxit
1048 4703 1161 4776 eqvos
1180 4672 1274 4747 8(ιή
1301 4679 1426 4747 locum
1444 4652 1633 4773 qvondam
1652 4685 1764 4782 lapi.

149 4833 260 4900 deum
279 4855 516 4925 progressus
541 4829 593 4899 ibi
619 4828 765 4897 bostem
791 4819 966 4913 excipere
974 4811 1159 4911 jubebat,
1186 4810 1358 4905 dixitque
1382 4809 1457 4880 sibi
1475 4837 1555 4883 esse
1571 4813 1612 4882 in
1629 4818 1762 4890 auimo
