4636 5832
954 467 1016 556 29

874 562 1097 588 ..U—dun·-

168 715 365 798 dolandio
374 737 562 816 egressus,
577 709 643 784 ubi
652 721 795 808 postea
811 709 1189 810 oppidumBjiirgyn
1206 713 1324 786 situm
1344 728 1414 802 est,
1432 717 1597 812 naoiqoe
1614 717 1797 793 subtras-

168 869 213 932 ta
235 857 379 930 multos
409 847 464 922 ibi
485 857 673 944 cognatos
697 845 789 917 lieet
804 845 869 917 ltio
886 871 965 919 non
992 848 1217 920 nominatos
1242 850 1432 928 conuertit.
1502 853 1598 922 Tum
1615 853 1657 924 ia
1674 855 1796 926 Vilia

167 1015 238 1066 rex
250 988 399 1061 Halon
413 977 620 1058 residebat.
656 977 905 1071 ¹Hiislsuldus
923 981 1131 1054 Halonem
1144 1007 1271 1080 regem
1285 1007 1363 1056 non
1383 984 1576 1072 convenit,
1590 999 1677 1056 erat
1694 987 1797 1059 enim

162 1121 403 1226 propiuqois
422 1137 660 1218 magnopere
686 1128 882 1210 acceptus.
942 1115 1011 1188 Ita
1030 1117 1187 1189 silentio
1214 1115 1319 1188 loono
1336 1117 1509 1212 hyemem
1527 1121 1732 1218 transegit.
1813 1099 1831 1119 ‘

871 1321 1002 1414 CAP.
1054 1323 1162 1414 XII.

370 1484 498 1595 Initio
517 1519 671 1592 testatis
687 1517 730 1591 id
746 1543 859 1594 novoe
876 1519 934 1590 rei
947 1519 1111 1610 accidit,
1148 1529 1193 1589 ut
1207 1541 1286 1608 rex,
1311 1517 1597 1614 expeditionem
1612 1523 1796 1596 navalem

170 1657 382 1738 instituens
403 1658 459 1730 ad
476 1637 759 1728 sinuentumin
767 1650 1283 1752 Brenneyisselebrandum‚
1302 1653 1488 1724 orientem
1501 1679 1651 1756 uersus,
1665 1655 1797 1752 profi-

171 1798 392 1882 cisceretur,
410 1789 606 1884 utfoedus
617 1811 696 1884 pro
708 1811 777 1860 suo
790 1812 909 1885 regno
923 1801 1144 1876 renovaret,
1161 1790 1262 1885 qood
1274 1801 1355 1860 tum
1367 1787 1488 1858 tertia
1506 1791 1643 1886 qoavis
1658 1789 1799 1861 testate

168 1928 379 2002 secundum
388 1925 490 2021 leges
489 1921 625 2018 fiebat.
651 1922 733 1994 Hic
741 1934 953 1996 conventus
964 1923 1066 1994 inter
1072 1921 1277 2018 principes
1288 1921 1589 1992 constitutusad
1594 1946 1798 2018 peragen-

171 2066 247 2136 das
257 2085 330 2152 res,
351 2081 436 2154 qvae
444 2059 501 2132 ad
512 2054 1125 2152 regamjudioiumpertiaebont;
1146 2055 1292 2126 huncce
1306 2054 1799 2150 conventumsreqventare

170 2195 308 2293 magni
312 2184 501 2289 gaudii&
508 2181 781 2286 jucunditatis
799 2187 1027 2277 ducebatur,
1048 2187 1102 2258 ibi
1112 2187 1214 2259 enim
1223 2189 1391 2285 aadiqve
1408 2187 1800 2260 convenerelzomines

171 2353 219 2407 eor
237 2323 414 2402 omnibus
425 2323 554 2418 ferme
567 2323 694 2416 terris,
715 2347 799 2421 qooe
808 2323 919 2396 nobis
936 2323 1086 2422 quidem
1096 2334 1304 2419 comperta
1315 2319 1406 2393 sint.
1434 2321 1542 2395 Novi
1557 2322 1697 2393 educta
1706 2323 1798 2395 Ho'-

170 2464 333 2537 slruldus
343 2460 448 2533 leuno
458 2469 688 2532 conventum
698 2458 811 2530 adire
821 2456 896 2529 sibi
904 2458 1130 2554 proposuit,
1143 2457 1218 2528 illa
1233 2456 1334 2530 enim
1344 2454 1479 2552 lzyeme
1489 2480 1615 2552 regem
1625 2458 1798 2529 nondum

170 2606 427 2686 convenerat,
467 2606 669 2689 praterea
695 2593 816 2677 etiam
832 2592 1061 2666 commercia
1079 2591 1122 2662 in
1138 2592 1270 2661 eodem
1297 2604 1487 2664 conventu
1507 2589 1796 2663 exercebantur.

169 2732 299 2808 Multi
315 2729 369 2802 ibi
381 2715 593 2819 mortales,
619 2751 767 2822 magna
787 2726 933 2799 laetitia
942 2776 956 2811 ‚
996 2726 1130 2798 einum
1154 2719 1192 2792 &
1213 2721 1299 2792 ludi
1305 2721 1534 2822 frequentes
1540 2777 1553 2815 ,
1580 2737 1695 2822 atqve
1714 2749 1800 2797 om-

167 2866 236 2940 nis
248 2861 404 2960 generis
420 2861 626 2950 hilaritas,
647 2885 785 2954 pauca
803 2874 944 2949 tamen,
965 2884 1049 2956 qooe
1068 2855 1265 2930 memoriae
1286 2859 1396 2928 tradi
1419 2857 1672 2951 mererentur,
1689 2859 1801 2930 osci·
1848 2867 1864 2898 ’-

167 2993 333 3076 άεὸαηί.Ι
383 2990 445 3064 1ὸί
458 2991 689 3063 H'oskuldus
703 2995 847 3063 multos
869 2991 1049 3066 convenit
1073 3003 1272 3084 cognatos,
1290 2991 1356 3088 qvi
1380 2989 1422 3061 in
1436 2993 1576 3064 Daaia
1596 2993 1801 3090 degebant.

169 3129 253 3208 Die
282 3125 454 3222 qvadam
493 3145 580 3194 sum
606 3123 839 3195 Ho'slsuldus
872 3121 1039 3228 latitia.
1061 3121 1234 3191 intentus
1262 3144 1348 3192 oum
1367 3125 1514 3216 paucis
1538 3129 1797 3220 egrederetur,

172 3259 336 3338 seorsim
360 3281 387 3328 a
415 3248 569 3328 sceleris
606 3251 896 3344 tabernaculis,
948 3252 1166 3348 speciosum
1186 3252 1389 3349 conspexit
1418 3257 1638 3329 tentorium.
1705 3261 1798 3332 Hir'-

175 3396 339 3472 skaldus
360 3414 404 3463 eo
419 3388 539 3486 flexit
562 3391 737 3486 gradum
765 3386 1047 3482 tentoriumque
1073 3385 1265 3472 intravit,
1311 3385 1577 3488 hominemque
1599 3393 1800 3488 conspexit

175 3521 653 3620 oaiamiotusfigurotus‚
688 3522 881 3594 Rosstcus
913 3543 1004 3594 aero
1023 3519 1155 3614 pileus
1177 3529 1300 3613 caput
1325 3516 1514 3616 obtegens.
1567 3525 1802 3600 Ho'skuldus·
1850 3585 1854 3590 .

175 3663 371 3742 bominem
400 3683 538 3732 nomen
554 3657 723 3754 rogavit.
790 3657 869 3728 Ille
896 3677 987 3726 vero
1012 3653 1180 3724 Gillium
1199 3652 1411 3724 Russioum
1426 3679 1508 3728 sese
1532 3661 1667 3733 socan·
1684 3661 1799 3758 affir-

177 3797 316 3874 mavit.
380 3794 628 3883 Hiiskuldus,
667 3789 778 3860 illius
796 3789 1078 3884 fammnsoepe
1107 3790 1163 3859 ad
1187 3812 1282 3858 suos
1307 3812 1423 3860 aures
1442 3795 1672 3885 pervenisse
1696 3799 1800 3870 dixit

178 3953 339 4026 eumqve
354 3927 691 4022 opulentissimum
712 3922 884 3996 omnium
905 3923 1106 3994 hominum
1132 3933 1394 3992 mercatorum
1409 3949 1490 3996 esse
1508 3933 1718 4021 contendit,
1740 3934 1800 4004 si-

177 4051 333 4161 mulque
354 4061 584 4132 Hiiskulclus
614 4059 780 4156 adjecit:
846 4057 952 4130 Num
970 4055 1041 4126 tibi
1062 4079 1204 4128 meroes
1228 4058 1385 4130 venales
1401 4072 1512 4151 sunt,
1539 4061 1674 4158 qvibus
1693 4063 1803 4138 nobis

179 4197 351 4276 emendis
370 4219 469 4290 opus
486 4191 565 4264 sit?
593 4191 742 4264 Gillius
761 4213 852 4262 vero
872 4191 1043 4285 rogavit,
1075 4187 1211 4286 quibus
1229 4213 1328 4284 opus
1349 4206 1458 4263 esset.
1518 4197 1717 4269 Hoskuldi
1733 4226 1801 4273 so-

179 4333 292 4406 dales
305 4329 559 4426 respondere:
583 4325 776 4398 ancillam
788 4347 910 4398 emere
929 4325 1051 4421 cupit,
1077 4323 1189 4420 siqua
1210 4323 1282 4394 tibi
1301 4326 1456 4396 venalis
1474 4338 1543 4398 est.
1602 4333 1696 4403 Tam
1708 4337 1801 4406 Gil.

182 4468 281 4540 lius:
307 4463 510 4558 sentioego
527 4486 596 4535 vos
611 4459 709 4532 milti
721 4459 761 4532 in
772 4458 835 4530 liis
845 4459 1116 4556 difficultatem
1128 4471 1288 4548 struere,
1311 4461 1414 4557 qaod
1423 4459 1466 4532 id
1478 4464 1663 4538 mercium
1674 4492 1799 4564 genas

183 4623 210 4670 a
240 4623 301 4672 me
330 4595 552 4692 exposcatis
587 4617 753 4693 qaorum
782 4593 880 4666 milri
910 4595 1065 4668 nullom
1087 4594 1244 4689 sopiam
1274 4618 1356 4666 esse
1380 4596 1625 4692 opinamini,
1666 4626 1800 4676 oerum

158 4735 315 4806 'tamen
331 4733 443 4804 haud
456 4744 603 4814 sertum
630 4743 688 4802 est
713 4729 771 4801 sic
794 4753 834 4800 se
857 4725 999 4800 habere
1015 4753 1106 4802 rem.
1167 4729 1398 4802 Hoskuldus
1420 4713 1705 4806 animadvertit
1724 4761 1802 4831 per

184 4880 453 4943 transversum
486 4865 646 4944 tentorii
680 4864 876 4964 siparium
904 4861 1071 4960 obtendi,
1113 4863 1263 4938 Gillias
1294 4889 1384 4940 vero
1403 4864 1596 4960 siparium
1621 4867 1805 4964 tollebat,-
