4636 5832
980 487 1012 572 5

886 593 1101 614 *n-

183 777 253 827 nec
266 755 502 847 magnetum
517 743 719 846 aliquisin
735 741 942 841 Noteogia
956 739 1166 816 subsistere
1175 753 1352 838 potuero,
1380 743 1459 819 nisi
1479 746 1548 820 ille
1563 749 1669 822 solus
1684 751 1813 826 bono-

184 911 274 960 rum
296 895 395 958 esset
418 880 579 956 arbiter.
640 881 735 954 Crem
757 891 890 954 autem
902 877 1076 951 Ketillus
1096 877 1256 950 audiret
1276 882 1440 954 eandem
1466 881 1542 954 sibi
1571 898 1687 983 atqve
1715 888 1812 960 aliis

183 1015 442 1118 magnatibus
465 1013 517 1088 ab
532 1014 728 1088 Horoldo.
748 1010 1010 1089 conditionem
1026 991 1200 1107 parari:
1237 1025 1284 1086 ut
1299 1013 1555 1113 cognotorum
1585 1019 1709 1094 cades
1734 1045 1814 1097 non

183 1144 497 1252 expiarentur&
511 1149 596 1249 ipse
611 1161 742 1223 tanton
759 1145 1026 1243 subjiceretur,
1048 1145 1366 1245 propinqoorum
1380 1164 1571 1226 concentu
1588 1169 1814 1251 conooooto,

184 1289 246 1362 ita
267 1309 430 1360 exorsus
449 1297 518 1358 est.
569 1287 678 1358 Nota
694 1296 753 1358 est
766 1279 1072 1390 cobisHaraldi
1084 1303 1181 1378 erga
1198 1306 1270 1354 noe
1281 1283 1522 1380 procedendi
1542 1287 1669 1379 ratio,
1696 1313 1816 1388 neqve

185 1445 288 1521 opus
302 1431 362 1492 est
378 1422 540 1492 eandem
553 1431 743 1511 repetere,
767 1417 954 1515 graviore
967 1428 1168 1512 premente
1184 1415 1414 1491 necessitate
1429 1417 1606 1492 evitandi
1624 1421 1816 1496 instantis

179 1554 356 1656 periculi
361 1578 377 1650 ,·
401 1552 504 1632 tatis
525 1564 766 1648 compertum
789 1550 914 1624 babeo
939 1549 1044 1648 regis
1063 1549 1248 1623 Haraldi
1263 1549 1305 1622 iu
1323 1574 1394 1623 nos
1412 1551 1564 1644 odium,
1602 1577 1671 1626 nec
1686 1557 1815 1628 multu

183 1689 284 1768 mibi
300 1687 352 1762 ab
368 1713 412 1762 eo
428 1688 584 1766 ridetur
597 1685 764 1760 subsidii
779 1709 891 1785 spes,
917 1686 1020 1758 duos
1038 1683 1406 1782 igiturcouditiones
1422 1685 1534 1759 nobis
1550 1699 1701 1762 restare
1723 1713 1816 1764 sen-

186 1826 264 1900 tio:
290 1833 364 1904 aut
380 1821 425 1904 in
445 1821 608 1896 exilium
632 1821 768 1914 eundi,
794 1833 868 1894 aut
888 1821 930 1893 in
952 1845 1023 1894 suo
1038 1833 1217 1920 qoemq'oe
1231 1820 1315 1893 ioco
1330 1819 1581 1916 interfectum
1596 1822 1650 1894 iri
1654 1846 1669 1916 ,·
1695 1824 1817 1900 etiarn

184 1960 258 2035 boc
273 1955 402 2054 magis
414 1957 566 2033 ..evadet
584 1952 742 2030 animus
763 1967 808 2029 ut
829 1957 992 2030 eandem
1013 1979 1129 2054 quam
1144 1954 1277 2028 coeteri
1291 1955 1367 2026 mei
1385 1955 1546 2052 cognati
1558 1967 1721 2030 mortem
1745 1983 1817 2032 su-
1866 1995 1874 2012 ·

186 2093 316 2186 benm,
343 2089 435 2166 nobo
453 2103 584 2164 tamen
600 2087 814 2164 insolentiei
828 2085 915 2162 moti
932 2113 1002 2163 eos
1018 2102 1132 2162 tanto
1138 2089 1321 2187 periculo
1337 2088 1562 2185 implicare,
1596 2091 1688 2165 novi
1714 2093 1817 2168 enim

180 2225 868 2327 propinquorum·atqve'amicorum
883 2246 1056 2298 meorum
1073 2223 1263 2312 animum,
1276 2231 1424 2320 'eosque
1440 2245 1501 2296 me
1514 2223 1638 2297 etiam
1656 2225 1697 2300 in
1714 2252 1817 2302 non-

185 2361 298 2436 nullo
311 2358 494 2458 periculo
513 2357 626 2432 baud
635 2361 869 2437 deserturos.¹
920 2359 1048 2454 ijrn
1056 2353 1396 2449 Ketillifibiusita
1412 2359 1685 2454 respondebat.
1732 2361 1817 2436 Cito

182 2521 255 2596 ego
264 2519 391 2570 meam
402 2495 637 2568 sententiam
649 2492 831 2570 recelabo
838 2517 853 2584 ‚·
870 2493 1050 2591 egoenim
1062 2489 1256 2588 nobilium.
1269 2489 1442 2565 virorum
1454 2496 1634 2590 exempla
1648 2519 1818 2594 sequens,

184 2635 291 2708 banc
308 2644 456 2713 terram
469 2629 708 2726 relinqeam,
728 2627 971 2706 nee'bonoris
985 2628 1263 2701 incrementum
1279 2624 1372 2698 iude
1382 2651 1442 2698 me
1454 2640 1706 2724 accepturum
1715 2643 1818 2726 puto

183 2770 220 2840 si
238 2765 362 2861 Regis
377 2763 561 2836 Haraldi
577 2784 710 2837 soreos
726 2763 832 2836 domi
847 2773 1083 2860 exspectem,
1129 2761 1265 2858 illique
1290 2783 1362 2833 nos
1383 2785 1410 2833 a
1428 2764 1576 2835 nostris
1593 2765 1818 2860 possessio.-

184 2891 779 2993 nibusprofligent,'autnosab
798 2896 884 2968 iilis
900 2896 1020 2968 morti
1036 2896 1260 2968 tradamurs
1282 2896 1405 2970 Hanc
1419 2894 1461 2966 in
1475 2899 1767 2996 sententinmpl
1793 2923 1827 2957 -·

184 3029 282 3108 rimi
289 3024 461 3125 pedibus
477 3024 601 3109 icere,
629 3026 742 3120 idqoe
758 3027 819 3098 uti
837 3028 966 3102 cirum
982 3030 1135 3100 deceret
1148 3027 1297 3100 dictum
1302 3029 1553 3124 judicarunt,
1575 3045 1691 3130 utque
1710 3034 1819 3105 istud

186 3159 397 3238 consilium
414 3156 527 3229 exilii
542 3153 733 3240 subeundi
748 3169 946 3260 receptum
962 3168 1031 3248 est,
1049 3156 1193 3234 Ketilli
1202 3156 1308 3252 filiis
1321 3159 1489 3255 multum
1497 3164 1818 3259 adhortantibus,

186 3322 257 3376 nec
270 3295 355 3369 uilo
371 3291 587 3366 resistente.
621 3291 749 3387 ijrn
767 3302 806 3362 et
818 3290 990 3386 Heigius
1005 3288 1233 3362 Islandiam
1241 3293 1458 3386 petendam
1470 3309 1713 3390 censuerunt,
1728 3300 1819 3373 inde

187 3432 291 3510 enim
307 3428 436 3502 muita
457 3426 655 3498 icero-sese
671 3425 879 3498 exaudisse
891 3423 1098 3498 dixerunt:
1123 3436 1241 3497 terroe
1254 3425 1358 3498 enim
1372 3425 1543 3502 indolem
1561 3429 1704 3505 bonam
1722 3457 1814 3526 esse,
1927 3507 1931 3516 ,

188 3592 259 3643 nec
281 3587 381 3663 opus
401 3561 560 3635 emendo
573 3558 722 3656 pecori,
744 3559 975 3658 frequentes
995 3557 1161 3633 balenas
1174 3559 1216 3632 iu
1236 3571 1385 3635 terram
1394 3564 1585 3662 propelli,
1599 3577 1638 3638 et
1652 3569 1816 3664 coptari

66 3711 70 3722 '
188 3703 408 3790 salmones,
444 3695 549 3770 omni
572 3718 662 3768 cero
686 3695 786 3766 anni
811 3707 985 3794 tempore
1004 3693 1059 3768 ibi
1076 3707 1289 3795 capturam
1308 3697 1582 3794 essepiscium.
1641 3701 1817 3776 Ketitlus

187 3833 315 3909 dixit:
326 3829 549 3928 piscatorio
558 3829 643 3902 boec
653 3830 741 3903 ioca
754 3853 1039 3929 nunquamego,
1050 3830 1115 3926 qvi
1124 3842 1242 3902 oetate
1252 3831 1311 3904 ita
1322 3833 1396 3904 sim
1399 3847 1624 3929 provectus,
1634 3835 1816 3910 invisam.

186 3969 241 4042 Id
257 3964 332 4038 sibi
353 3966 394 4038 in
410 3965 545 4037 animo
561 3987 640 4035 esse
654 3962 829 4037 Ketillus
847 3963 1081 4060 affirmavit:
1111 3966 1252 4061 potius
1267 3967 1528 4040 occidentalia
1544 3967 1675 4041 muria
1689 3995 1819 4066 pero-

185 4123 327 4200 grate,
360 4097 534 4192 ibienim
551 4095 642 4170 bene
664 4122 762 4193 esse,
796 4107 984 4196 notasque
1001 4097 1077 4170 sibi
1087 4099 1292 4196 plurimas
1317 4101 1511 4202 regiones,
1545 4127 1631 4179 cum
1655 4127 1703 4178 ea
1727 4106 1816 4180 loca

189 4236 272 4308 late
289 4227 414 4306 arenis
431 4231 673 4330 infestasset.

860 4426 1004 4534 ose.
1043 4443 1125 4560 111,

386 4603 549 4713 Postea
567 4637 742 4714 Ketilbus
766 4663 954 4737 magnum
980 4641 1157 4716 instituit
1183 4639 1422 4733 convivium,
1461 4653 1500 4718 et
1520 4643 1658 4741 filium
1701 4672 1816 4722 suam

194 4772 448 4852 Tborunnam
461 4777 652 4873 Hyrnam
666 4773 813 4873 Helgio
832 4775 979 4874 Magro
998 4779 1039 4850 iu
1057 4777 1353 4851 matrimonium
1368 4779 1488 4872 dedit,
1505 4783 1566 4854 uti
1585 4797 1705 4855 autea
1717 4782 1814 4854 'dic-

191 4921 272 4985 tum
290 4923 359 4987 est.
410 4910 524 4986 Tum
540 4911 714 4986 Ketiilus
739 4911 816 4986 iter
834 4935 946 4986 suum
973 4913 1014 4986 in
1034 4913 1274 4987 occidentale
1289 4937 1399 4987 mare
1413 4927 1553 5012 parat.
1613 4915 1730 4989 Filio¹
1741 4943 1814 4990 sua
