4590 5844
846 485 1075 630 ..aa

137 761 320 849 tueram‚'
342 761 431 831 itsi'
442 759 486 830 id
500 759 622 830 'baud
637 753 1136 852 sine'difficuitatefactum
1150 767 1218 829 est.
1273 755 1461 830 Molestia
1479 779 1568 828 aero
1586 756 1761 850 qondam

134 900 232 972 aiibi
258 891 444 1002 incumbit
454 917 473 982 ,·‚
496 888 939 984 nerusmilsiinimicus
953 887 1097 984 sactus
1122 900 1200 976 est,
1223 913 1282 984 me
1299 911 1388 962 vero
1404 901 1524 960 antea
1541 889 1652 960 baud
1671 887 1762 958 bene

137 1039 379 1130 tractaverat
386 1051 410 1115 ‚·.
434 1025 538 1125 banc
559 1035 691 1109 autern
712 1022 917 1134 indoleme
938 1022 1090 1092 nomine
1101 1022 1274 1115 retineo,
1309 1023 1409 1118 qvod
1429 1023 1530 1091 tales
1548 1021 1717 1126 injurias
1735 1045 1761 1090 a

135 1161 425 1258 trultobomine
442 1157 602 1256 perpeti
624 1151 750 1260 aelim.
812 1153 912 1226 Eum
940 1153 1070 1248 itaque
1087 1155 1253 1224 adortus
1268 1179 1374 1242 sum,
1399 1155 1471 1226 boc
1488 1170 1618 1226 tamen
1637 1154 1673 1224 ei
1690 1165 1763 1222 aut

130 1321 279 1394 parum
306 1306 377 1364 aut
394 1275 551 1390 omnino
567 1281 673 1361 nibil
685 1279 861 1357 nocuisse
880 1258 1053 1356 autumo.
1116 1285 1262 1358 Veram
1282 1298 1411 1356 tamen
1420 1299 1562 1381 postea
1580 1311 1655 1380 per
1675 1285 1761 1356 exi-

126 1452 254 1529 ·gnurn
274 1434 540 1520 tempestatem
558 1430 937 1509 'commoratussum5
960 1435 1052 1488 narn
1065 1416 1156 1488 berte
1164 1439 1224 1487 me
1232 1429 1426 1490 servatum
1426 1419 1567 1516 judica
1575 1419 1623 1508 vi,
1648 1441 1762 1511 qvam

104 1569 107 1578 ’
134 1565 238 1637 huuc
257 1581 406 1656 savum,
435 1577 538 1654 qvem
550 1555 644 1626 itera
657 1550 859 1647 surripui,
885 1549 1181 1624 conscenderim.
1232 1551 1434 1646 Hrappus
1448 1555 1575 1625 muita
1593 1553 1677 1645 ipse
1697 1551 1761 1621 lo-

135 1712 248 1770 cutus
263 1705 432 1790 propter
451 1691 494 1764 id
505 1711 642 1785 pauca
659 1681 851 1780 rogabat,
874 1685 974 1780 qvod
993 1683 1084 1758 illos
1100 1684 1157 1754 ad
1173 1683 1251 1758 iter
1259 1695 1434 1778 paratos
1450 1708 1532 1758 esse
1550 1682 1759 1778 comperit5

134 1845 266 1904 oerum
293 1839 422 1902 tamen
445 1821 518 1893 boc
537 1818 643 1910 brevi
662 1814 877 1910 intellexit,
912 1815 1013 1910 qaod
1027 1815 1396 1910 Heigiumapgredi
1410 1817 1703 1889 constituissent
1722 1809 1760 1884 8<

136 1961 345 2058 idqvieiern
365 1955 530 2031 multum
550 1947 796 2043 collaudavit
813 1970 983 2042 tregans,
1009 1969 1049 2017 se
1068 1946 1110 2016 in
1122 1946 1336 2044 postremis
1356 1959 1553 2042 repertum
1573 1948 1636 2018 iri.

677 2181 682 2188 ’
778 2185 909 2274 CAP.
947 2181 1110 2270 LXIV.

343 2319 583 2448 Thorgilsus
599 2374 649 2420 ac
665 2347 776 2420 illius
790 2313 1078 2441 comites'eqvos
1095 2345 1391 2417 conscendentes
1406 2347 1572 2416 multum
1593 2347 1675 2417 illis
1699 2348 1759 2418 ci-

134 2483 265 2566 tavere
277 2487 460 2586 gradum,
477 2486 634 2584 jamque
649 2463 695 2553 ex
708 2480 821 2576 sylva
832 2477 1138 2574 praenotabant.
1195 2475 1293 2549 Tam
1308 2481 1591 2574 qaatuorviros
1605 2503 1631 2550 a
1641 2493 1760 2574 tuga-

135 2628 208 2700 riis
224 2624 438 2720 equitantes
449 2615 692 2712 conspicere.
744 2613 921 2684 Muttinis
935 2626 974 2700 et
993 2612 1061 2682 isti
1088 2615 1163 2684 ite-r
1171 2611 1426 2704 festinavere.
1494 2613 1589 2686 ium
1611 2613 1760 2708 aliquot

135 2789 155 2837 e
177 2754 376 2846 Tisargiisi
390 2750 605 2840 comitibus,
624 2748 859 2842 equisacarn
869 2745 1039 2838 maxime
1046 2756 1211 2840 possent
1227 2746 1374 2832 citatis,
1399 2771 1463 2816 eos
1474 2747 1758 2841 persequendos

135 2911 328 2967 censuere.
388 2883 423 2954 T
419 2881 617 2954 hcrieikus
635 2892 767 2962 autem
775 2875 1017 2986 Boiiiifilius
1035 2878 1260 2972 respondit:
1281 2881 1399 2974 prius
1417 2881 1473 2948 ad
1487 2879 1646 2974 tuguria
1655 2901 1758 2972 per-

134 3024 366 3105 veniamus„
393 3039 441 3086 ac
467 3013 737 3106 investigemus
764 3011 856 3110 qvid
872 3008 926 3078 ibi
944 2985 1143 3079 bominum
1162 3010 1215 3079 sit
1223 3034 1238 3098 ‚·
1264 3009 1375 3080 baud
1388 3012 1488 3080 euim
1507 3013 1693 3104 Helgium
1712 3035 1760 3080 ac

139 3141 251 3226 illius
262 3129 418 3221 comites
432 3146 498 3216 iric
510 3147 645 3214 crelesse
662 3141 850 3226 arbitror,
873 3139 1759 3234 bienimeqoitesmibirnulie'resessevidentur.

138 3289 282 3360 Plures
298 3282 445 3378 quidem
469 3275 751 3346 contradixere.
810 3265 1041 3368 Tbcrgilsus
1065 3284 1197 3342 autem
1216 3267 1422 3346 Tborleiko
1445 3296 1526 3346 esse
1550 3276 1758 3345 cedendum

138 3417 370 3515 affirvurwit,
398 3407 625 3482 noricenim
646 3407 891 3478 ssorteitum
905 3405 1011 3476 cisra
1029 3405 1208 3475 acumine
1227 3427 1355 3476 omnes
1372 3407 1614 3478 antecellere.
1668 3405 1759 3477 iam

138 3555 196 3624 od
211 3548 370 3644 tuguria
381 3542 568 3616 conversi.
614 3539 1156 3645 Hrappuseqaoproevectus,
1172 3527 1313 3628 basta,
1330 3525 1649 3636 qoamgestabat,
1674 3564 1760 3610 mo-

140 3684 247 3758 tavit
256 3681 415 3771 ferrum
433 3688 575 3746 antese
587 3685 811 3766 porrectum
822 3671 967 3744 diceus:
983 3673 1230 3767 tempusjam
1246 3674 1381 3744 adesse
1394 3672 1536 3744 virium
1555 3673 1761 3766 experien-

137 3822 294 3889 darum.
348 3805 591 3900 NecHelgio
609 3825 657 3872 ac
675 3803 791 3873 sociis
808 3802 919 3871 itlius
934 3803 1089 3898 aliquid
1107 3803 1170 3872 iris
1184 3804 1232 3873 de
1248 3802 1360 3894 rebus
1385 3817 1623 3898 compertum
1644 3819 1761 3876 aute-

138 3971 253 4048 quam
274 3937 503 4047 Tltorgiisus
521 3960 569 4018 ac
586 3935 696 4003 illius
709 3931 865 4016 comites
881 3935 1080 4027 tugurium
1090 3935 1251 4030 illosqve
1259 3935 1299 4004 in
1309 3957 1354 4004 eo
1368 3926 1600 4005 constiiutos
1617 3937 1761 4030 oppri-

140 4089 300 4154 merent.
344 4069 513 4166 Helgius
532 4092 580 4137 ac
595 4060 705 4136 illius
723 4061 830 4151 socii,
844 4062 982 4134 clausa
1002 4077 1083 4134 tum
1095 4065 1242 4160 janua,
1258 4089 1374 4134 arma
1393 4065 1627 4158 corripuere.
1666 4068 1762 4137 Tum

141 4213 344 4306 Hrappus
361 4207 417 4275 ad
432 4203 630 4300 tugurium
651 4197 867 4292 prosiliens
884 4195 1060 4291 rogavit:
1081 4219 1136 4266 an
1151 4196 1287 4290 vulpes
1303 4195 1410 4268 intus
1426 4210 1536 4271 esset.
1591 4197 1762 4294 Heigius

142 4342 367 4438 respondit:
403 4333 645 4433 experientia
672 4343 708 4400 te
723 4327 873 4400 docebit
882 4327 1150 4426 periculosum
1164 4349 1247 4400 esse
1263 4328 1370 4400 intus
1380 4327 1624 4402 habitantem
1631 4333 1648 4417 ,'
1659 4355 1762 4427 pos-

142 4501 251 4572 seqoe
271 4497 356 4546 eum
379 4471 534 4562 infestis
554 4479 689 4563 petere
712 4459 891 4535 dentibus
927 4485 1013 4554 qccc
1039 4462 1096 4534 ad
1117 4459 1329 4534 latibulum
1358 4465 1530 4558 propius
1559 4469 1761 4538 accedant.

147 4613 183 4684 T
179 4601 634 4703 urnqoestatimHelgius
645 4597 764 4668 basta
770 4618 847 4690 per
870 4593 1614 4694 tuguriisenestrarnemissaHrappum
1625 4612 1762 4670 trans·
1887 4640 1893 4652 ·

137 4743 284 4837 fixit,et
296 4735 509 4810 illestatim
520 4743 696 4805 mortuus
706 4729 813 4798 burrei
820 4725 1040 4823 procubuit.
1074 4725 1168 4796 Tum
1182 4725 1763 4824 Thorgilsusrcgaaitsutcaute

139 4875 416 4972 procederent,
442 4891 489 4938 ac
508 4869 697 4937 evitarent
714 4861 935 4952 infortunia
947 4885 961 4950 ,·
986 4862 1085 4932 satis
1101 4861 1220 4947 euim,
1248 4859 1388 4958 inquit,
1416 4861 1523 4934 nobis
1541 4863 1680 4933 viriam
1704 4878 1759 4934 est
