4612 5832
856 481 1062 596 ..193-

146 739 347 832 Hrappus
363 743 496 804 autem
514 729 555 803 in
571 731 641 804 illo
660 728 747 825 ipso
764 730 848 800 loco
866 727 909 797 in
935 735 1082 797 terram
1106 729 1377 816 descendebat,
1413 731 1473 803 ita
1498 733 1772 824 discedebant,

146 884 188 944 et
204 872 352 944 Olenus
377 866 529 964 qvidem
542 863 802 953 manubrium,
818 861 1019 955 Hrappus
1038 863 1293 953 ceroferrum
1308 865 1437 937 basta
1455 867 1628 938 retinuit.
1683 872 1767 940 Po-

145 1016 231 1076 stea
246 1001 359 1076 boves
378 999 605 1083 cinxerunt,
632 998 787 1066 domum
806 995 944 1065 deinde
960 997 1117 1068 rediere.
1175 999 1322 1068 Otacns
1341 999 1443 1068 dixit
1465 997 1627 1070 bubulco
1644 1027 1683 1071 se
1705 1004 1769 1074 illi

146 1136 194 1236 ob
217 1137 300 1234 ejus
322 1131 499 1231 querelas
522 1153 670 1227 parum
695 1151 975 1199 succensurum.
1045 1131 1209 1198 Postero
1230 1131 1292 1200 die
1315 1132 1463 1202 Olavus
1482 1134 1594 1202 domo
1609 1135 1665 1204 od
1681 1159 1767 1206 eum

144 1269 285 1357 locum,
301 1263 589 1359 ubiHrappius
608 1253 696 1334 erut
711 1261 900 1356 sepultus,
918 1283 1092 1354 egressus
1110 1273 1180 1348 est,
1195 1259 1318 1356 ibique
1335 1274 1482 1333 terram
1498 1263 1618 1359 effodi
1628 1267 1766 1360 jussit,

142 1425 214 1473 nec
235 1412 316 1472 tum
341 1399 490 1495 quidem
504 1395 705 1490 Hroppus
721 1403 945 1488 putrescere
963 1406 1155 1503 coeperat.
1220 1393 1288 1495 Ibi
1300 1377 1448 1465 Oiacus
1472 1396 1631 1466 bustam
1654 1423 1766 1468 secam

142 1533 305 1606 invenit.
337 1531 490 1602 Deinde
500 1553 635 1625 rogum
651 1527 799 1599 exstrui
804 1525 947 1622 jussit,·
977 1503 1297 1620 crematusqveeo
1313 1529 1626 1622 rogoHrappus,
1643 1531 1764 1618 cinis,-

142 1689 214 1764 qve
229 1665 271 1738 in
286 1686 395 1736 mare
411 1657 1000 1758 deportatuc'pti'ec'ulti'postea
1013 1659 1184 1755 Hrappi
1197 1683 1330 1731 manes
1346 1661 1511 1732 molesti.
1600 1655 1604 1664 '

665 1919 672 1934 x
790 1875 920 1963 CAP.
960 1874 1114 1962 XXV.

340 2035 458 2170 Jam
480 2017 528 2143 de
549 2069 749 2144 Hbsbuldi
765 2068 864 2163 filiis
894 2071 1107 2140 dicendum.
1191 2071 1419 2142 Tleorleibus
1441 2073 1764 2170 Hbsbuldifilius
1893 2120 1895 2128 ·

139 2219 353 2304 antequam
369 2208 427 2276 rei
429 2183 659 2298 familiaris
675 2227 811 2274 curam
827 2203 1061 2296 susciperet,
1087 2204 1253 2273 multum
1284 2203 1324 2272 in
1348 2207 1594 2278 mercatoriis
1607 2208 1764 2278 itineri-

138 2341 212 2412 bus
231 2341 338 2414 viros
355 2361 549 2434 supremae
566 2337 779 2431 dignitatis
803 2335 983 2408 conuenit
1003 2336 1240 2432 insignisqce
1265 2333 1425 2406 babitus
1448 2352 1505 2408 est
1531 2340 1602 2412 vir.
1673 2341 1764 2412 Nu.

135 2473 252 2548 cates
272 2495 416 2568 qvoqve
426 2493 575 2567 pugna·
593 2467 643 2538 ab
662 2494 706 2540 eo
726 2482 848 2565 gesta
866 2469 1095 2564 egregiaque
1116 2468 1223 2538 edita
1248 2471 1477 2542 documenta
1492 2471 1764 2563 fortitudinis.

134 2601 626 2698 BardusHoskuldifilius
642 2627 785 2699 qvoqve
794 2601 1076 2698 peregrinatus
1087 2597 1365 2692 fuerat,&ubi
1376 2605 1490 2694 venit,
1502 2607 1636 2699 magni
1652 2607 1765 2676 cesti-

134 2749 291 2825 matus,
333 2760 479 2831 magna
497 2736 599 2807 enim
615 2738 746 2806 inerat
760 2729 1027 2806 honestatis&
1043 2737 1317 2827 temperantia
1330 2736 1430 2806 laus.
1450 2713 1454 2722 Ι
1482 2739 1645 2808 Bardus
1663 2764 1763 2809 uxo-

135 2866 812 2963 remBreidsjbrdensem,Astridam
822 2867 986 2955 nomine,
996 2865 1661 2960 bonestoloconutammulierem‚in
1672 2897 1762 2942 nsa-

133 2997 372 3071 trimonium
387 2997 561 3068 ducebat.
613 2995 722 3068 Filio
736 2997 867 3068 Bardi
888 2997 1135 3068 Thorarinus
1149 3021 1297 3086 nomeu,
1309 2998 1411 3090 filiae
1427 3015 1557 3073 autem
1567 3007 1739 3098 Gudnyo
1748 3031 1762 3094 ,·

138 3153 242 3202 uuor
258 3141 349 3200 erat
367 3129 445 3198 itta
460 3128 583 3199 Helii
602 3113 934 3222 Vigustyrisfilii‚
960 3149 1107 3222 magna
1125 3128 1215 3196 inde
1230 3129 1365 3222 stirps.
1419 3134 1577 3203 Hrutus
1594 3137 1764 3228 Herjolfi

130 3260 247 3358 filius
260 3263 626 3356 cervumqnendam,
643 3257 838 3348 Hrolfum
847 3259 1012 3346 nomine,
1029 3259 1069 3328 in
1082 3257 1302 3330 libertatem
1317 3261 1556 3354 vindicarat,
1574 3267 1762 3363 simulque
1836 3293 1842 3304 ’

141 3395 205 3466 illi
222 3359 388 3464 dederat
399 3393 553 3489 peculii
566 3392 817 3486 aliquantum
831 3401 946 3486 atqve
962 3390 1235 3462 babitaculum
1263 3394 1320 3461 ad
1330 3395 1658 3489 Hbskuldifines,
1694 3423 1763 3471 ve-

140 3551 228 3599 rum
246 3537 328 3599 tum
338 3526 559 3622 propinqui
577 3535 693 3595 erunt
713 3524 868 3611 limites,
882 3523 1132 3594 utHrutioni
1149 3525 1299 3594 eosdem
1308 3526 1471 3600 nimium
1484 3544 1761 3625 promoventes

140 3657 322 3732 libertum
341 3658 588 3732 ingsbuldi
599 3681 741 3751 agrum
762 3655 1030 3750 imposuerint.
1082 3655 1146 3727 Ibi
1161 3645 1324 3726 libertus
1341 3657 1448 3732 brevi
1457 3664 1604 3734 multas
1621 3649 1761 3736 nactus

140 3816 246 3888 opes.
298 3775 527 3863 Hbskuldus
546 3788 898 3885 agrebocferens,
931 3785 1208 3885 quodlibertus
1226 3789 1290 3860 illi
1311 3803 1392 3862 tam
1411 3797 1663 3892 propinquus
1681 3821 1762 3892 po-

141 3936 313 4013 neretur,
331 3905 488 4019 rogabit
505 3922 631 4011 illum,
649 3936 693 3992 ut
702 3944 782 4016 pro
792 3922 960 4017 proedio,
980 3922 1021 3992 in
1039 3946 1111 4017 qvo
1127 3919 1336 4013 habitavit,
1363 3925 1439 3994 sibi
1449 3929 1662 4023 pecuniam
1676 3930 1760 3998 sol-

141 4069 259 4147 veret,
278 4081 318 4127 se
331 4058 535 4147 enimjure
550 4081 636 4126 eum
651 4078 793 4148 agrum
804 4054 1015 4148 possidere.
1067 4051 1442 4127 Libertus'Hrutum
1458 4060 1637 4130 conuenit
1655 4083 1760 4130 rem·

141 4214 210 4285 qve
226 4213 374 4262 omnem
389 4189 532 4260 docuit.
581 4186 878 4278 Hrutusdixit:
912 4187 995 4258 noli
1015 4185 1100 4257 boec
1124 4187 1328 4258 aduertere
1351 4191 1537 4278 animum,
1564 4215 1632 4262 nec
1655 4192 1761 4265 solve

141 4323 361 4416 pecuniam,
376 4321 500 4394 nescit
516 4321 855 4394 enimeslculdus
872 4319 981 4416 eujus
996 4317 1062 4388 bic
1075 4341 1172 4412 ager
1188 4318 1251 4420 sit.
1305 4319 1490 4392 Libertus
1511 4337 1593 4393 tum
1604 4325 1759 4396 domum

142 4454 269 4532 redire
287 4455 509 4552 quietusque
525 4467 569 4526 ut
586 4465 705 4525 antea
725 4477 805 4526 rem
810 4451 1064 4543 familiarem
1080 4473 1230 4522 curare.
1269 4455 1401 4526 Paulo
1415 4468 1512 4550 post
1531 4457 1759 4530 Tbo'rleikus

142 4566 338 4658 Hbskuldi
346 4587 458 4678 filius
473 4601 633 4662 auctore
644 4598 766 4683 patre
778 4608 863 4656 cum
875 4585 1017 4683 paucis
1033 4585 1090 4656 ad
1108 4583 1237 4655 liberti
1256 4586 1395 4658 villam
1413 4590 1610 4683 peruenit5
1644 4593 1760 4687 copi-

144 4729 215 4788 unt
229 4717 422 4792 b'ominem
438 4735 554 4819 atqve
570 4719 805 4793 obtruncant
812 4744 826 4806 ,·
868 4715 1095 4788 Thorleikus
1113 4689 1205 4790 bero
1229 4717 1303 4792 sibi
1317 4745 1397 4791 esse
1414 4735 1529 4819 atque
1542 4724 1658 4818 patri
1674 4749 1760 4794 om-

146 4871 210 4922 nes
229 4875 340 4952 opes,
363 4879 460 4955 qvas
476 4853 640 4931 tibertus
659 4863 975 4948 comparaverat,
1001 4853 1234 4946 postulavit.
1302 4853 1461 4928 Hrutus
1485 4857 1558 4928 boc
1581 4855 1761 4951 illiusque
