4612 5832
865 447 1077 572 ...ἵ-Ι...

163 711 326 786 aulicus.
382 703 611 802 Aliqvando
637 726 721 773 cum
744 701 950 774 Melkorba
981 700 1148 770 Olavum
1167 695 1302 791 fllium
1328 698 1585 785 convenisset,
1627 723 1780 804 cumea

159 849 292 918 locuta
309 851 385 929 est,
412 863 569 936 eumqoe
582 834 821 936 hortabatur
837 847 880 930 ut
896 835 951 904 ad
967 829 1131 902 nobilem
1147 857 1259 902 suam
1276 833 1437 926 stirpem
1451 831 1780 930 visendampere·

154 936 406 1074 grinaretur':
431 970 515 1040 baec
531 968 633 1040 enim
652 991 764 1056 vera,
795 968 939 1063 inquit,
965 961 1130 1058 affirmo,
1146 965 1196 1034 M
1189 965 1471 1060 yrly'artauum
1487 965 1691 1038 Hibernioe
1713 991 1780 1040 re-

154 1132 241 1206 gem
256 1129 380 1180 meum
397 1097 476 1174 esse
485 1096 665 1196 patrem,
712 1124 843 1173 oerum
862 1097 992 1190 facile
1021 1092 1093 1165 tibi
1121 1095 1235 1166 navis
1254 1095 1471 1192 Bordeyrae
1492 1102 1775 1192 comparanda.

159 1243 309 1313 otacus
331 1233 611 1332 respondebat:
663 1233 710 1304 de
726 1231 789 1302 bis
810 1231 958 1328 quidem
969 1241 1131 1322 patrem
1150 1227 1347 1297 allocutus
1360 1254 1462 1319 sum,
1496 1231 1774 1324 ipsoltacccn-

155 1374 292 1444 silium
306 1393 453 1466 parum
465 1353 681 1463 probante,
713 1361 751 1436 ἃ
768 1367 825 1436 ita
843 1389 937 1436 sane
954 1373 1012 1432 est
1026 1377 1220 1448 mearum,
1246 1359 1392 1455 meique
1412 1363 1634 1433 educatoris
1656 1387 1775 1458 opum

155 1505 350 1591 conditio,
383 1515 427 1574 ut
449 1501 576 1595 magis
597 1500 708 1594 agris
731 1494 769 1569 ὃ(
793 1494 1000 1591 pecoribus
1020 1506 1197 1565 constent
1208 1517 1322 1588 qvam
1341 1493 1551 1564 reconditis
1567 1494 1773 1568 islandicis

154 1633 354 1709 mercibus
387 1633 472 1707 Me
474 1635 610 1704 torta
628 1633 750 1702 dixit:
782 1631 893 1700 baud
909 1629 1048 1724 placet
1070 1639 1106 1698 te
1120 1627 1295 1721 amplius
1312 1627 1422 1697 auct
1422 1628 1621 1700 oevocart
1616 1626 1773 1720 filium,

154 1769 262 1863 sique
279 1767 351 1838 boc
365 1766 491 1836 solum
511 1765 646 1834 itineri
662 1763 782 1848 obest,
817 1763 919 1859 qvod
926 1781 1139 1855 pecuniam
1158 1759 1229 1829 tibi
1246 1763 1375 1830 deesse
1395 1761 1550 1850 credas,
1577 1773 1659 1831 tum
1676 1785 1774 1834 sanc

154 1899 211 1969 ad
238 1895 469 1994 Tborbjo'rni
492 1897 656 1990 nuptias
677 1921 736 1966 me
760 1895 982 1980 demittam,
1021 1891 1058 1960 si
1082 1903 1118 1960 te
1138 1916 1186 1962 eo
1202 1905 1326 1986 pacta
1346 1893 1484 1986 potius
1496 1894 1772 1988 profecturum

156 2029 256 2120 scis,
290 2029 422 2130 utique
439 2029 541 2100 enim
564 2040 725 2100 autumo
747 2029 860 2098 illum
888 2037 1042 2096 tantum
1066 2024 1250 2094 mercium
1267 2023 1501 2108 oblaturum,
1521 2021 1712 2120 ¹quantum
1730 2039 1772 2098 tu

155 2161 501 2233 tibinecessarium
522 2159 833 2250 existimabis,
798 2183 832 2228 st
857 2157 920 2226 illi
935 2179 1080 2227 mecum
1106 2157 1400 2226 matrimonium
1430 2157 1531 2230 inire
1559 2161 1770 2272 continget.

151 2293 274 2366 Hoc
263 2319 406 2391 qvoqve
421 2297 461 2364 in
477 2281 744 2386 emolumentis
763 2289 995 2378 babendum,
1020 2289 1122 2383 qvod
1139 2281 1377 2360 Hbslculdus
1385 2303 1466 2360 tum
1481 2275 1633 2360 duabus
1652 2290 1771 2374 simul

150 2424 265 2498 rebus
282 2425 472 2498 maleerit
484 2439 697 2512 contentus,
716 2419 845 2495 cum&
862 2435 898 2493 te
902 2443 1068 2518 peregre
1080 2421 1304 2516 profectum
1320 2433 1436 2519 atqve
1448 2407 1590 2494 memet
1601 2436 1770 2558 nuptam

148 2559 238 2632 vira
266 2560 519 2654 comperiet·
558 2559 665 2633 Tunc
699 2557 847 2630 otacus
886 2555 971 2628 boec
1001 2555 1131 2626 omnia
1163 2556 1205 2625 in
1232 2557 1385 2626 matris
1397 2535 1597 2651 potestate
1616 2536 1767 2650 futura

145 2689 382 2786 affirmavit,¹
428 2693 583 2766 Deinde
604 2693 753 2765 Oinous
767 2713 853 2762 cum
873 2691 909 2762 T
904 2688 1115 2783 barbitione
1129 2687 1358 2784 loquebatur
1374 2689 1768 2786 rogauitqoe'utmer-

146 2824 386 2908 ciumjbaud
410 2827 591 2920 exiguam
616 2825 771 2919 copiam
793 2821 869 2894 sibi
893 2835 1069 2898 mutuam
1090 2819 1297 2914 praeberet.
1357 2821 1619 2917 Tbarbjiirnus
1648 2824 1769 2896 dircite

139 2955 240 3029 Hac
253 2953 444 3046 sanefiet,
482 2957 517 3057 si
534 2980 603 3050 ego
619 2956 865 3056 Melberlsam
883 2977 1042 3028 uxorem
1057 2953 1276 3052 obtinuero,
1306 2965 1393 3027 tum
1406 2956 1513 3052 enim¹
1527 2979 1636 3054 repr,
1661 2979 1768 3028 meas

143 3108 245 3190 opes
258 3083 371 3156 baud
386 3109 492 3156 secus
509 3088 550 3156 in
566 3098 636 3158 tua
648 3069 849 3180 potestate
857 3084 959 3175 fore,
973 3108 1088 3178 qoam
1107 3084 1190 3153 illae
1206 3099 1309 3172 stent,
1328 3108 1411 3181 qua
1427 3099 1468 3156 tu
1485 3089 1569 3180 ipse
1575 3056 1768 3180 possides

147 3218 305 3289 Olavus
317 3215 390 3285 boc
408 3229 489 3288 tum
508 3229 640 3288 ratum
645 3201 837 3316 futurum
851 3217 1043 3303 asseruit,
1069 3215 1209 3286 deinde
1219 3209 1366 3357 pacta,
1401 3241 1485 3314 qvoe
1510 3219 1609 3311 ipsis
1628 3243 1769 3288 conoe-

144 3348 323 3439 niebant,
349 3347 452 3418 inter
467 3373 506 3420 se
526 3357 783 3442 composuere,
795 3343 834 3420 &
847 3347 1092 3445 ltoecqviclem
1110 3337 1242 3418 omnia
1257 3360 1402 3420 secreto
1415 3350 1609 3444 peragere
1630 3343 1770 3443 placi-

147 3493 239 3552 tum
252 3494 349 3552 est.
366 3481 626 3554 Hdsluldue
646 3483 813 3554 olavum
833 3479 1008 3574 rogavit,
1034 3489 1079 3548 ut
1104 3479 1162 3550 ad
1187 3455 1346 3550 comitia
1370 3480 1615 3552 universalia
1640 3503 1768 3551 secum

146 3613 370 3708 equitaret·
380 3615 547 3689 Olenus
569 3615 642 3686 bac
664 3613 741 3686 sibi
759 3635 836 3708 per
851 3611 1091 3706 fantibiaria
1114 3612 1298 3705 negotia
1293 3611 1422 3686 lisere
1441 3613 1660 3709 negabit,-
1641 3613 1780 3685 coede·

143 3748 257 3826 enim
281 3771 321 3824 se
336 3749 391 3832 ad
404 3749 536 3843 ripam
541 3747 861 3842 fluminisleaxei
873 3744 1161 3840 pascuaagnis
1175 3743 1393 3852 instituere,
1432 3748 1540 3830 ‚Hac
1554 3745 1769 3830 ,Hbsbuldo

139 3875 319 3978 perbene
325 3879 504 3984 placuit
517 3883 639 3980 qood
642 3878 759 3974 filius
777 3902 834 3951 rer
828 3877 1118 3984 samdzqrt
1068 3882 1127 3963 ita
1149 3877 1325 3952 intentus
1336 3891 1446 3952 esset
1480 3881 1703 3986 Deinde
1677 3880 1770 3957 Hb-

143 4009 314 4083 slculdus
335 4014 391 4082 ad
406 4015 563 4099 comitia
581 4037 678 4116 equo
699 4023 849 4098 vectus,
883 4013 1067 4130 nuptiale
1088 4023 1220 4082 autem
1243 4011 1462 4085 convivium
1487 4010 1769 4125 Lambastadis

145 4131 445 4235 adornabatur,
471 4149 532 4217 sol
533 4173 553 4216 ο
572 4147 698 4218 Olaoo
713 4115 915 4238 nuptiales
930 4119 1043 4214 tabul
1042 4169 1088 4214 as
1097 4118 1419 4262 praescribente
1445 4124 1594 4218 Olavbs
1606 4107 1768 4216 abercto

144 4277 298 4347 XXX·
293 4289 461 4350 centum
482 4273 713 4375 (Hundrud)
733 4279 867 4372 pretio
893 4290 1117 4352 constantes
1131 4301 1272 4346 merces
1290 4283 1432 4348 nactus
1445 4279 1537 4368 est,
1548 4303 1645 4375 qvas
1664 4301 1771 4348 ιιιιιι-

144 4429 266 4504 qoam
277 4412 451 4503 pecunia
469 4435 718 4483 remunerare
734 4409 947 4482 tenebatur.
999 4391 1684 4504 BardasHbslculdifllius·bbnvistio
1701 4409 1770 4479 in·

144 4539 315 4632 tersuit,
320 4542 536 4640 fueratque
543 4543 659 4642 liujus
667 4541 825 4616 consilii
830 4542 1046 4637 particeps.
1084 4544 1222 4614 Soluto
1238 4543 1579 4634 autemioonm'blo,
1595 4603 1599 4612 .
1616 4545 1769 4632 Obsicus

140 4673 206 4742 ad
239 4677 495 4775 uacimeqvo
524 4691 654 4764 vectus
672 4675 974 4776 gubernatorem
1001 4673 1149 4749 Ornum
1174 4678 1353 4759 convenit
1377 4691 1493 4775 atque
1513 4675 1769 4775 apudillum

141 4822 404 4882 commeatum
440 4825 582 4884 nactus
608 4824 676 4883 est.
752 4808 942 4880 Coeterum
972 4806 1201 4898 Mettorta,
1231 4822 1439 4905 antequam
1467 4837 1493 4882 a
1521 4811 1612 4904 filio
1641 4809 1767 4878 disoe-
