4612 5832
839 570 846 578 -
905 497 1112 622 ..ιιι-

847 740 979 844 CAP.
1013 755 1171 844 XXX.

401 887 644 995 Geirmundi
665 927 778 1013 atqve
804 917 990 988 Tburidce
1014 919 1233 1013 conjunctio
1255 921 1366 994 baud
1388 949 1473 999 cum
1502 923 1638 996 miultis
1668 925 1817 1008 amoris

200 1058 439 1156 documentis
460 1055 568 1144 suit,
607 1046 646 1122 bt
670 1047 720 1122 ab
744 1062 906 1143 utrcqve
938 1063 1060 1143 parte
1087 1053 1146 1122 ita
1181 1079 1276 1126 sane
1295 1058 1385 1148 fuit
1410 1071 1655 1152 compar-otc.
1725 1060 1817 1129 Tres

197 1191 352 1288 hyemes
370 1187 632 1262 Geirmunclus
647 1183 759 1280 apud
773 1183 936 1254 Olavum
952 1198 1210 1254 commoratus
1220 1187 1375 1278 fuerat,
1402 1211 1486 1259 cum
1507 1191 1676 1264 abeundi
1692 1215 1815 1286 cape·

199 1337 310 1394 retur
332 1321 539 1410 desideria,
567 1318 753 1414 simulqve
773 1309 906 1386 notum
919 1315 1079 1408 faceret
1098 1315 1314 1390 Tburidam
1333 1319 1559 1416 illorumqve
1572 1323 1726 1417 filiam,
1754 1323 1818 1394 cui

200 1457 313 1526 Graa
331 1479 478 1538 nornen,
498 1476 577 1523 sese
597 1452 847 1532 relicturum5
879 1448 975 1518 Tum
993 1448 1068 1518 illa
1082 1450 1224 1544 puella
1241 1475 1360 1523 unam
1376 1479 1524 1524 annum
1542 1467 1661 1545 nata,
1687 1455 1817 1527 noluit

199 1599 331 1656 tamen
357 1585 618 1656 Geirmundus
635 1583 818 1678 pecuniae
844 1563 996 1678 aliqvid
1018 1583 1230 1678 relinqvere
1247 1579 1322 1677 [ad
1346 1579 1460 1656 illam
1484 1585 1815 1677 sustentandam}

199 1717 418 1792 Hccmatri
430 1729 543 1813 atqve
549 1716 653 1810 filioe
666 1715 782 1789 valde
792 1711 1008 1809 displicuit,
1023 1715 1150 1810 itaqve
1165 1737 1245 1784 rem
1259 1717 1316 1786 od
1326 1719 1489 1792 Olavum
1501 1721 1679 1793 retulere.
1710 1719 1816 1826 ΤιιιιιιΙ

204 1853 369 1922 Olavas:
413 1850 504 1944 qvid
523 1849 614 1939 boc,
647 1848 787 1945 inavit,
826 1847 1072 1942 Titorgerda,
1115 1843 1274 1916 reiest?
1317 1849 1504 1947 Nonjarn
1523 1851 1815 1946 Norvagusille

200 1983 297 2054 adeo
313 2007 525 2079 generosus
551 1995 664 2077 atqve
693 1993 778 2052 turn
795 1977 906 2070 suit,
946 1979 1097 2071 qvando
1120 1975 1225 2070 filioe
1247 1981 1412 2075 nuptias
1438 2007 1465 2052 a
1490 1995 1526 2054 te
1550 1981 1699 2078 petiit?
1735 1983 1816 2052 Nec

201 2117 283 2186 illae
299 2114 451 2210 aliqvid
476 2117 588 2211 apud
618 2115 782 2186 Olavum
809 2107 1036 2205 effecerunt,
1070 2109 1265 2180 illeenim
1283 2126 1372 2184 erat
1387 2113 1447 2184 vir
1466 2113 1508 2183 in
1526 2114 1700 2186 amnibus
1710 2137 1816 2208 pac-

199 2250 251 2317 tis
271 2260 474 2336 constans,
501 2247 669 2340 dixitqve
686 2243 1091 2340 virginemremanere
1105 2240 1255 2332 debere,
1288 2269 1401 2342 usqve
1419 2247 1510 2317 dum
1528 2247 1699 2342 aliqvam
1718 2247 1815 2316 edu-

196 2383 390 2452 cationem
408 2391 528 2451 nacta
545 2388 652 2446 esset.
709 2377 855 2446 Olavus
878 2399 968 2448 vero
995 2399 1020 2444 a
1046 2375 1285 2447 Geirmundc
1309 2377 1507 2448 discedens
1536 2379 1814 2450 mercatoriam

194 2513 262 2582 illi
280 2513 387 2583 dedit
406 2512 549 2583 navim.
613 2509 735 2582 Hanc
754 2509 823 2580 ille
834 2509 924 2604 jam
945 2508 1154 2598 instruere,
1192 2509 1314 2581 Olava
1324 2511 1484 2604 gratias
1504 2536 1621 2608 agere
1628 2562 1641 2596 ,
1677 2535 1725 2580 ac
1739 2535 1813 2604 ge-

193 2641 373 2718 nerosum
391 2645 463 2716 lice
479 2667 621 2714 munus
638 2642 880 2713 collaudare.
939 2642 1046 2712 Tunc
1063 2665 1110 2712 ex
1128 2642 1228 2714 ostio
1237 2640 1421 2736 fluminis
1434 2645 1552 2717 Laud
1569 2667 1661 2715 euro
1679 2643 1814 2715 leviori

192 2779 372 2867 delatus,
413 2803 566 2874 cumqve
588 2777 644 2846 ad
659 2775 821 2846 Insulas
841 2771 1216 2868 [Breidsjordenses]
1240 2777 1474 2869 perveniret,
1494 2790 1628 2848 ventus
1655 2778 1813 2847 sedatus

192 2923 264 2981 est.
319 2911 406 2982 XV
418 2909 499 2978 dies
517 2909 573 2980 ad
591 2907 793 3000 Oxneyam
817 2906 858 2976 in
874 2905 1066 3004 ¹anclcaris
1082 2907 1192 2977 stetit
1210 2910 1369 2980 secundi
1387 2911 1491 2978 venti
1508 2911 1670 3001 defectu.
1724 2909 1813 2981 Hoc

192 3053 368 3134 terrzpore
381 3039 527 3109 Olavus
544 3039 655 3106 domo
670 3035 873 3130 profectas
886 3037 942 3104 ad
959 3035 1205 3126 inspicienda
1217 3036 1368 3125 littora,
1383 3041 1424 3110 in
1438 3039 1692 3131 quibusmare
1703 3044 1814 3136 ligna

194 3187 234 3245 et
254 3174 385 3267 pisces
403 3171 568 3254 eiectare
586 3167 746 3238 solebat.
805 3167 900 3237 Tum
913 3165 1009 3260 fllia
1037 3165 1147 3236 illius
1171 3165 1348 3238 Titurida
1363 3169 1546 3258 forrzulos
1564 3175 1621 3242 acl
1635 3197 1674 3242 se
1693 3195 1812 3242 voca-

195 3321 258 3377 tos
277 3303 451 3398 rogavit,
477 3312 521 3369 ιιι
541 3325 580 3369 se
594 3312 849 3393 seqverentur.
903 3300 1086 3368 Puellam
1110 3323 1246 3394 qvoqve
1277 3324 1403 3371 secum
1432 3302 1608 3374 abduxit.
1673 3305 1816 3376 Decem

198 3451 279 3510 tum
305 3437 367 3506 illi
381 3411 501 3528 sucre
524 3455 705 3522 munero,·
753 3442 835 3501 tum
860 3429 1051 3536 scapham
1075 3435 1270 3525 qvondam
1297 3434 1412 3506 Olavi
1437 3419 1624 3508 deducere
1637 3433 1814 3532 jubebat,

195 3571 419 3666 rogavitqvc
433 3565 622 3654 Tburida,
650 3575 695 3634 ut
709 3565 937 3658 remigando
952 3575 1025 3634 cut
1042 3563 1267 3657 navigando
1285 3589 1415 3637 versus
1433 3571 1627 3640 exteriora
1638 3569 1814 3640 chms-

188 3699 313 3794 fiordi
335 3699 526 3794 scapham
547 3708 830 3792 promoverent.
883 3695 954 3768 Aa
979 3698 1131 3768 insulas
1156 3719 1246 3768 vero
1274 3699 1340 3768 ubi
1356 3713 1510 3771 ventum
1537 3714 1612 3791 est,
1638 3697 1814 3796 cymbam

199 3859 282 3932 qvae
300 3833 459 3928 scapltoe
477 3834 628 3921 inerat,
656 3819 707 3901 'in
733 3851 874 3924 aqvam
899 3831 1053 3902 demitti
1068 3831 1205 3923 jussit.
1264 3830 1441 3902 Thurida
1464 3833 1505 3905 in
1530 3833 1706 3930 cymbam
1729 3854 1814 3902 curn

200 3964 350 4037 duobus
373 3963 643 4055 descendebat,
684 3963 915 4060 reliqvosqve
950 3961 1141 4058 scaplmm
1170 3963 1366 4034 custodire
1390 3988 1504 4060 usqve
1536 3969 1627 4036 dum
1658 3967 1813 4052 rediret,

198 4099 363 4194 rogavit.
418 4099 621 4194 Virginem
649 4096 690 4167 in
715 4097 803 4166 sinu
820 4096 959 4189 serens
979 4093 1128 4186 fretum
1156 4119 1219 4166 cos
1247 4095 1428 4188 trajicere
1434 4097 1578 4194 jussit,
1628 4109 1740 4192 atqve
1760 4097 1816 4166 ad

198 4211 475 4303 mercatoriam
494 4229 624 4304 navim
642 4231 806 4301 tendere.
864 4227 1068 4299 Terebram
1093 4253 1113 4298 c
1132 4229 1290 4322 navigio
1312 4227 1474 4299 tollebat
1492 4230 1729 4325 tradiditqve
1746 4229 1815 4302 uni

200 4365 489 4455 comitantium,
516 4356 678 4460 rogans,
695 4373 739 4432 ut
758 4361 1005 4431 mercatoriae
1027 4362 1138 4432 navis
1154 4360 1318 4432 lembum
1341 4363 1627 4457 ingrederetur,
1662 4388 1815 4458 eumqvc

200 4497 417 4570 terebraret
436 4497 495 4570 ita
514 4509 559 4568 ut
580 4494 735 4568 inutilis
751 4495 996 4578 redderetur,
1029 4495 1064 4563 si
1081 4506 1285 4566 maturato
1311 4519 1409 4590 opus
1428 4510 1534 4570 esset.
1595 4499 1690 4568 Tum
1715 4522 1754 4566 se
1774 4497 1815 4564 in

199 4643 347 4702 terram
366 4630 572 4728 deportari
584 4630 708 4726 jussit
727 4627 917 4722 virginem
941 4625 983 4697 in
998 4626 1086 4696 sinu
1104 4625 1259 4718 ferens5
1296 4628 1367 4700 icoc
1390 4631 1587 4704 adortum
1608 4627 1817 4719 sclissac-

198 4777 279 4834 tum
304 4778 374 4838 est.
428 4763 526 4838 Tam
549 4763 592 4836 in
611 4762 863 4858 ponticulum
887 4783 1119 4854 progressa,
1146 4773 1281 4832 nautoe
1303 4787 1392 4834 vero
1417 4765 1544 4835 omnes
1562 4759 1816 4835 dormiebant.

200 4899 299 4972 'l'um
320 4899 496 4996 lecticam
505 4895 628 5002 ‚adiit
657 4897 698 4972 in
716 4921 788 4996 qva
807 4893 1068 4970 Geirmundus
1084 4893 1274 4969 decubuit.
1328 4897 1760 4975 GladiusPedimorsor
1777 4889 1818 4958 in
