4636 5832
622 1229 1447 1472 ‚ruarmo
1640 1411 1645 1418 ,

863 1657 1231 1695 *ψ-
1317 1692 1322 1701 Ι

249 1833 426 2018 Dum
462 1923 611 2020 index
650 1919 1008 2056 mythologicns
1050 1923 1115 2020 ad
1160 1924 1346 2034 calcem
1378 1923 1524 2020 Eddae
1560 1923 1844 2047 entiqrioris'
1941 1971 1946 1985 ·

249 2067 465 2170 edendus
492 2067 633 2199 prelo
666 2071 943 2198 subjicitur,
986 2065 1144 2199 ‘atqve
1168 2079 1222 2164 in
1248 2053 1465 2168 editione
1498 2066 1684 2166 codicis
1719 2069 1843 2182 anti·

250 2217 464 2342 qvissimi
493 2213 657 2348 legum
687 2215 1054 2336 islandicorum,
1097 2219 1298 2348 Grdgcir
1322 2211 1463 2338 dicti,
1501 2245 1669 2314 sumus
1697 2241 1845 2311 occu-

248 2367 374 2490 patit
421 2389 572 2458 unam
593 2361 853 2475 alteramve
881 2391 1067 2483 earum,
1109 2357 1226 2491 qvas
1258 2367 1312 2456 in
1338 2367 1528 2462 sedulis
1556 2362 1733 2457 nostris
1768 2385 1843 2452 as-

247 2537 513 2628 servamus,
571 2514 906 2606 narrationum
936 2515 991 2604 in
1027 2508 1189 2608 lucem
1227 2509 1448 2636 proferre
1490 2511 1842 2607 constituimus.

245 2659 430 2750 Harum
448 2684 572 2788 *vero
611 2659 694 2752 vix
729 2649 854 2776 ulla,
911 2663 1015 2754 siva
1051 2659 1345 2754 narrationis
1379 2659 1615 2753 ambitum
1642 2675 1692 2750 et
1724 2681 1844 2750 con·

247 2805 530 2897 cinnitatem
562 2822 776 2925 spectes,
835 2805 939 2904 sive
973 2833 1135 2901 rerum
1180 2823 1424 2937 gestarum
1468 2805 1752 2936 gravitatem
1793 2815 1844 2892 et

246 2946 393 3040 fidem
419 2961 637 3070 reputes,
667 2952 824 3043 nostri
852 2947 1015 3044 studio
1047 2949 1242 3080 dignior
1267 2949 1546 3068 videbatur,
1576 2977 1719 3074 qvam
1741 2941 1841 3061 illa,

249 3117 353 3216 qvae
383 3091 534 3183 vitam
560 3085 817 3209 moresqve
846 3091 1232 3186 Laxdaelensium
1264 3081 1663 3188 uadit'historia.

444 3225 738 3350 Particulam
777 3225 970 3354 qvidem
1002 3227 1147 3353 hujus
1189 3234 1352 3357 operis
1390 3237 1705 3362 qradraginta
1741 3233 1847 3322 fere

251 3379 429 3478 abhinc
469 3376 609 3468 annis
650 3403 777 3469 unus
816 3377 1053 3469 anostris
1094 3375 1172 3492 (G.
1201 3375 1242 3470 J.
1273 3372 1557 3494 Thorlrelin)
1597 3395 1844 3469 unacum

248 3529 471 3625 versione
505 3515 696 3649 anglica
728 3517 862 3645 apud
895 3541 1083 3616 exteros
1113 3517 1352 3616 edendam
1383 3523 1572 3617 curavit
1580 3525 1646 3639 *);
1684 3537 1844 3614 totum

249 3702 363 3770 vero
401 3697 525 3796 opus
552 3666 628 3763 vir
655 3665 939 3794 perillustris
971 3667 1011 3762 J.
1031 3665 1160 3784 Aall,
1190 3659 1484 3763 ferrifodir'rae
1512 3667 1567 3760 in
1596 3655 1846 3796 Norvegia

250 3844 523 3944 possessor,
584 3809 648 3908 de
673 3833 780 3908 toto
807 3813 965 3910 hocce
993 3811 1259 3908 litterarum
1287 3843 1463 3942 genere
1491 3811 1653 3910 multis
1681 3815 1842 3908 norni-

249 3967 392 4058 nibus
431 3962 616 4086 optime
651 3963 873 4076 meritus,
930 3963 984 4051 in
1025 3957 1240 4090 lingvam
1281 3959 1592 4056 vernaculam
1634 3979 1841 4055 transtu-

248 4112 394 4228 lit**).
459 4103 792 4202 Nihilotemerr
817 4106 975 4202 secius
1009 4125 1058 4200 et
1090 4105 1296 4203 consilio
1329 4109 1536 4202 instituti
1566 4108 1841 4238 Magnteani

251 4249 618 4371 accommodate
666 4273 716 4350 et
757 4249 919 4350 studio
969 4255 1140 4376 prisca
1184 4251 1355 4386 lingvae
1399 4251 1611 4350 borealis
1662 4249 1839 4352 alendo

247 4445 520 4476 Μ

324 4559 356 4650 1»)
380 4557 572 4645 regmen
599 4553 639 4630 or
660 4500 785 4646 esur
805 4557 873 4628 mr
894 4555 979 4628 use
1001 4557 1130 4656 rue„
1157 4560 1194 4628 u
1222 4555 1278 4628 a·
1297 4559 1346 4628 sa
1363 4559 1430 4631 me
1453 4559 1522 4630 ιοιι
1542 4555 1700 4650 Gany.
1745 4553 1840 4624 rea-

310 4773 358 4856 ?*l
381 4663 1053 4866 llllaljll’clllme'nuriirNorvegt'ois,
1086 4765 1206 4860 q'vibur
1230 4766 1361 4837 titulare
1401 4759 1496 4861 Saga
1516 4780 1548 4837 et
1570 4763 1838 4856 Fiertlr'ngaors·

384 4871 508 4964 slrtft,
536 4873 675 4965 udgivet
696 4869 746 4962 trs
760 4871 791 4940 J·
807 4871 842 4942 S·
860 4870 1005 4955 Muntb‚
1036 4869 1115 4940 dB·
1135 4897 1171 4966 p.
1193 4883 1306 4942 1-306.
1404 4876 1408 4889 ’

335 4987 339 5000 ’
1311 4992 1315 5002 ’
1412 5038 1418 5048 v
1580 4987 1641 5062 (Ι)
