4590 5844
866 509 1078 630 ..3324

163 757 275 830 haud
284 757 425 830 mentis
434 737 750 856 oomposqvoeris,
761 757 796 829 si
811 755 1044 853 affinitatem
1061 756 1457 856 tuammajarisqoam
1466 783 1589 831 meum
1598 761 1782 834 honorem

161 917 210 962 ac
223 892 397 987 gloriam
402 893 614 985 factorum
631 915 690 960 me
705 890 927 979 existimas,
962 915 1030 962 nec
1048 891 1119 962 tihi
1141 919 1167 963 a
1186 919 1245 964 nze
1258 893 1383 988 uliam
1400 892 1594 963 auxilinm
1609 918 1781 990 speron-

161 1027 340 1099 domest.
403 1024 617 1116 Tltoroifus
640 1023 696 1092 ad
715 1023 905 1095 interiora
923 1025 1163 1116 Hjaltodali
1180 1027 1387 1122 profectus
1405 1027 1559 1116 Hofnm
1581 1027 1781 1124 pervenit,

159 1157 381 1254 Hjaltiiqoe
382 1155 497 1250 filios
506 1155 684 1232 convenit
695 1155 842 1244 doeens,
854 1131 1040 1254 dromeda
1050 1157 1160 1229 illius
1172 1172 1405 1256 comparata
1424 1171 1522 1230 esset
1532 1184 1665 1230 causa.
1689 1159 1783 1230 Jam

160 1290 324 1386 qoidem,
341 1289 480 1385 movit,
499 1315 567 1385 ego
587 1316 614 1361 a
629 1288 734 1361 vobis
748 1289 1103 1385 auxiliumflagito.
1135 1291 1313 1362 Thordns
1330 1292 1455 1362 dixit:
1481 1294 1656 1384 nefanda
1676 1294 1780 1364 talia

160 1421 448 1518 suntflagitia,
482 1447 551 1493 nee
573 1447 644 1519 ego
673 1419 745 1492 tibi
773 1423 901 1493 ullam
916 1447 1026 1516 opem
1042 1425 1191 1512 jeram.
1261 1424 1506 1496 Thoroaldus
1527 1427 1638 1497 hand
1653 1427 1780 1497 multa

160 1555 308 1649 qoidetn
329 1555 534 1649 respondit
540 1584 557 1645 ,-
582 1579 651 1627 nec
674 1555 886 1641 Tkorolsus
908 1555 987 1626 lz-ae
1004 1555 1085 1628 viee
1105 1552 1233 1626 uttam
1255 1555 1306 1626 ab
1331 1557 1380 1627 iis
1405 1535 1520 1653 opem·
1539 1558 1779 1655 impetravit.

157 1685 263 1781 Eqvo
276 1687 417 1758 deinde
430 1685 533 1758 abiit
545 1689 704 1784 Reykos
718 1689 914 1760 interiora
933 1713 1066 1761 versas
1082 1689 1337 1782 matronali,
1363 1689 1417 1760 ibi
1430 1691 1592 1762 thermis
1609 1715 1649 1762 se
1668 1692 1780 1796 lavit.

162 1819 333 1914 Vespere
349 1831 481 1892 antem
493 1845 570 1918 per
583 1821 872 1917 Hjaitadaium
893 1823 1129 1892 descendens
1142 1824 1202 1893 od
1217 1847 1411 1917 aggerem,
1424 1849 1498 1920 qvo
1517 1826 1619 1896 ailla
1628 1825 1781 1916 Hofam

157 1965 247 2025 erat
284 1953 550 2040 circumdata,
591 1954 794 2050 pervenit,
840 1951 967 2048 ibiqve
996 1953 1106 2025 solas
1149 1978 1280 2026 secum
1307 1941 1539 2051 ¹loqoetiatar
1571 1956 1780 2047 simulans,

156 2085 282 2158 aliam
293 2087 347 2158 ibi
357 2088 611 2159 constitutum
618 2085 915 2186 essehominem,
923 2085 1502 2183 seqoesaiutareatqoerogare,
1511 2089 1574 2186 qvi
1587 2089 1657 2159 ille
1666 2088 1779 2160 homo

156 2229 266 2288 esset.
320 2218 398 2288 Ille
409 2219 531 2290 dixit:
560 2220 771 2312 Tisorolfns
786 2219 884 2290 mibi
896 2205 1035 2290 nomen
1054 2230 1126 2288 est.
1180 2221 1274 2310 Qvoe
1289 2219 1362 2290 tibi
1375 2219 1471 2293 oia?
1499 2222 1639 2318 qvidve
1656 2211 1792 2316 nego-‘

157 2348 283 2422 tium?
306 2349 533 2424 dinititomo
551 2351 734 2448 fictitius.
794 2351 1006 2445 Thoroisus
1020 2353 1119 2422 istos
1131 2377 1264 2424 omnes
1277 2366 1456 2442 eventus,
1477 2355 1540 2425 uti
1552 2354 1636 2424 acti
1650 2365 1777 2442 erant,

159 2483 301 2555 docuit.
339 2485 506 2579 Hjaitii,
524 2487 662 2585 inqvit,
672 2485 788 2580 filios
801 2485 899 2556 meis
913 2504 1139 2566 succurrere
1148 2485 1342 2580 periculis
1346 2487 1555 2582 flagitavi.
1600 2490 1696 2562 Tum
1711 2507 1794 2559 rs-¹

159 2617 321 2714 spondit
355 2619 411 2704 is,
448 2619 515 2716 qvi
541 2602 682 2690 adesse
693 2617 946 2715 fingebatur:
972 2617 1066 2716 jam
1089 2619 1213 2691 aliter
1231 2645 1275 2690 se
1295 2627 1365 2690 res*
1382 2619 1530 2692 liabent
1549 2633 1665 2730 atqve
1683 2587 1776 2710 tum,
1828 2659 1832 2668 ·

158 2775 275 2847 qoam
284 2751 508 2846 frequentia
523 2753 602 2824 ilia
618 2754 894 2825 instauravere
906 2754 1162 2847 parentalia,
1197 2753 1333 2849 qvibus
1351 2751 1464 2838 Mcc
1488 2753 1688 2823 hominum
1710 2735 1777 2824 inss

163 2883 343 2974 tersuere.
392 2884 969 2982 Jamqoeeoramprinoipnm,
1003 2883 1070 2979 qvi
1095 2886 1166 2956 nni
1178 2884 1272 2983 jam
1287 2883 1686 2980 hominiopemferrs
1701 2909 1777 2957 no·-

163 3019 260 3103 lint,
283 3016 451 3088 multum
464 3029 700 3090 attenuatur
712 3018 906 3113 potentia.
970 3017 1219 3089 ‘Phoronides
1236 3017 1347 3110 soris
1360 3021 1530 3090 adstans
1544 3019 1777 3114 colloqvium

161 3150 307 3236 audiit,
330 3175 443 3246 eoqve
456 3175 693 3248 progressus
702 3165 777 3241 est,
801 3151 885 3248 eqoi
901 3148 1065 3222 habenis
1077 3150 1284 3244 prehensis
1297 3175 1381 3222 eum
1405 3151 1631 3222 descendere
1640 3149 1774 3241 jussit.

166 3283 322 3368 Tamen,
347 3271 491 3381 inqoit‘,
510 3284 621 3356 haud
634 3287 770 3357 multae
783 3285 864 3357 erit
871 3285 1064 3378 saturum
1077 3285 1219 3378 gloria
1247 3296 1356 3355 taam
1383 3284 1579 3380 suscipere
1613 3304 1776 3352 causam

155 3427 327 3514 propter
352 3428 462 3491 tuom
482 3419 754 3492 stoliditatem.

776 3660 908 3749 CAP.
930 3639 934 3646 ⁸
954 3658 1149 3749 LXXX.

360 3783 439 3887 De
452 3818 605 3888 Thordo
606 3819 696 3914 jam
704 3825 1007 3911 memorandum,
1014 3823 1118 3918 qood
1126 3823 1279 3893 domum
1287 3807 1613 3914 reduafiiiisoede
1622 3815 1778 3902 audita,

161 3946 328 4020 multum
342 3949 601 4020 contristatus
616 3964 685 4022 est.
734 3953 1047 4026 UxorGudrana
1059 3952 1126 4022 illi
1135 3953 1256 4022 dixit:
1269 3952 1509 4024 erodendum
1522 3951 1713 4038 existimo,
1733 3958 1778 4018 ut

163 4081 532 4187 causamltomicidii
542 4083 583 4154 in
586 4106 713 4177 puero
715 4083 1584 4181 patratioontraTisoroIsamagendamedas.
1596 4082 1779 4178 Egovero

162 4218 362 4288 meridiem
374 4241 505 4290 versus
513 4218 789 4315 eqooTungam
805 4217 938 4306 vehor,
948 4213 1645 4320 cognatumqoeBalliamconoeniam
1664 4225 1780 4311 atqve

164 4352 359 4446 experiar,
374 4353 774 4448 qvateilleauxilitan
784 4352 888 4424 hane
906 4356 963 4425 ad
975 4377 1138 4424 causam
1149 4352 1259 4425 nobis
1270 4347 1451 4422 exhibere
1467 4349 1573 4422 velit.
1627 4350 1693 4420 Ita
1717 4346 1780 4417 ilii

152 4483 295 4577 facere
312 4483 518 4558 instituere
525 4513 539 4577 ,·
567 4511 748 4585 qoumqoe
765 4489 961 4559 Gndruna
983 4487 1161 4582 Tangam
1171 4485 1407 4582 perveniret,
1427 4483 1521 4555 bene
1547 4481 1686 4553 ibidem
1709 4502 1780 4550 ex-

164 4631 279 4714 cepta
297 4632 367 4690 est.
417 4621 677 4695 Botltootavi
688 4619 768 4714 filii
785 4622 926 4698 ccedem
941 4603 1167 4692 memorans
1181 4621 1350 4720 rogavit,
1367 4627 1411 4689 ut
1430 4617 1549 4690 caedis
1566 4613 1780 4689 vindictam

166 4754 392 4848 susciperet.
455 4757 532 4828 Ille
557 4756 783 4852 respondit:
834 4755 945 4828 houd
965 4755 1068 4827 milri
1086 4755 1243 4826 videtur
1269 4757 1372 4827 citra
1403 4755 1629 4848 pulverem,
1670 4743 1782 4838 apud

164 4885 336 4959 borealis
354 4890 524 4988 regionis
544 4893 649 4963 viros
663 4889 847 4962 honorem
866 4903 1043 4986 captare,
1070 4885 1108 4962 8(
1122 4875 1221 4962 mihi
1237 4891 1383 4988 qaidem
1400 4889 1568 4959 relatum
1588 4890 1664 4968 est,
1689 4877 1779 4974 jam

1466 5021 1501 5092 U
1516 5046 1539 5091 u
1559 5041 1580 5088 2
