4636 5832
869 468 1074 592 ....⁶.¹....

166 735 258 795 tant
281 717 493 813 cbristjani
518 718 553 788 si
565 717 797 812 juramenta
817 719 1089 814 perficiuntur.
1163 722 1259 790 Tum
1289 721 1358 792 ille
1391 721 1582 818 sufficiens
1605 731 1781 805 testimo-

164 858 274 928 nium
291 852 457 926 edidisse
474 849 655 938 creditus,
674 851 737 920 cui
755 852 886 923 vivum
915 854 1097 946 cespitem
1117 851 1295 924 subeunti
1308 877 1440 948 cespes
1464 881 1542 929 non
1559 864 1782 950 superinci-

164 990 283 1058 deret.
346 982 571 1056 'Iborkillus
602 983 699 1052 duos
723 983 829 1052 uiros
852 985 911 1052 ita
936 985 1147 1071 instruxit,
1183 997 1227 1056 ut
1251 987 1297 1056 de
1322 988 1459 1083 aliqva
1487 1013 1530 1060 re
1553 1007 1780 1072 controver-

164 1119 264 1190 siam
279 1117 354 1188 sibi
368 1115 579 1211 fingerent,
605 1127 722 1208 atqve
742 1137 867 1208 prope
889 1117 1098 1186 adstarent
1122 1141 1208 1188 cum
1238 1120 1443 1190 tecmerion
1471 1123 1649 1195 ederetur
1664 1143 1781 1224 atqve

164 1251 222 1320 ita
258 1249 499 1342 attingerent
530 1249 723 1344 cespitem,
750 1259 795 1316 ut
819 1245 993 1316 omnibus
1016 1272 1170 1318 cernere
1199 1249 1332 1318 liceret
1361 1252 1453 1321 illos
1482 1256 1643 1326 eundem
1670 1273 1780 1332 stra-

162 1384 276 1455 visse.
334 1381 429 1452 Tum
445 1382 523 1468 ille,
542 1382 605 1452 cai
622 1378 831 1452 tecmerion
843 1383 1125 1473 peragendam,
1143 1379 1246 1450 bunc
1263 1381 1384 1451 ritum
1405 1383 1616 1476 inchoavit,
1644 1388 1681 1461 8<
1695 1417 1781 1467 cum

159 1517 246 1605 jam
262 1515 304 1584 in
323 1539 365 1586 eo
388 1525 495 1602 esset,
518 1523 564 1588 ut
579 1514 762 1607 cespitem
777 1510 933 1601 subiret,
961 1512 1024 1580 illi
1039 1513 1129 1600 viri,
1148 1515 1270 1609 quiin
1289 1516 1331 1584 id
1348 1516 1478 1608 ipsum
1492 1533 1779 1620 erantcompo-
1839 1591 1843 1600 .

163 1649 250 1737 siti,
285 1647 503 1720 seinvicem
529 1646 676 1740 infesta
699 1667 821 1714 mauu
840 1645 1018 1737 adgressi
1033 1647 1088 1714 ad
1103 1667 1239 1715 arcum
1257 1648 1417 1741 cespitis
1436 1669 1780 1727 conveneruntat-

165 1806 234 1876 qve
261 1779 313 1850 ibi
334 1777 598 1874 procubuere,
631 1803 700 1851 neo
721 1779 865 1850 mirum
887 1777 921 1846 si
946 1803 1077 1872 cespes
1089 1781 1427 1872 prosternebatur.
1489 1781 1581 1852 lam
1605 1784 1779 1862 homiues

163 1923 423 1984 convenerunt
446 1915 502 1982 ad
524 1913 836 1984 intercedendum
858 1933 993 2003 eosqve
1021 1910 1277 2000 dirimebant,
1324 1914 1366 1981 id
1394 1914 1495 2005 qvod
1508 1911 1639 2002 facile
1656 1919 1779 2010 fiebat

163 2071 246 2116 cum
267 2057 461 2116 certamen
475 2045 577 2113 citra
597 2045 700 2113 iram
716 2055 909 2135 ageretur.
969 2043 1065 2111 (lum
1085 2041 1309 2112 Tborkiilus
1328 2046 1374 2112 de
1393 2046 1570 2115 tecmerio
1586 2073 1778 2126 sermones

155 2173 532 2272 pertentare&socii
544 2200 671 2244 omnes
690 2172 920 2264 confirmare
938 2173 1041 2241 illud
1054 2174 1391 2263 ratumfuturum,
1417 2177 1460 2244 ni
1480 2180 1779 2269 perturbatores

159 2311 406 2382 exstitissent.
473 2306 626 2376 Deinde
654 2305 879 2376 [tuost-ittae
908 2303 1038 2374 omnin
1055 2320 1148 2378 ruta
1178 2331 1278 2379 caesa
1309 2310 1539 2402 occuparit5
1575 2335 1776 2407 ageroero

158 2440 506 2542 Hrappstadensis
522 2441 695 2512 desertus
716 2449 783 2511 est.

810 2628 939 2736 css.
986 2649 1118 2734 x1x.

326 2807 331 2818 ι
358 2804 742 2933 Deiibsbuidojam
752 2844 1055 2930 memorandum,
1073 2844 1174 2936 qvod
1188 2842 1678 2937 illiusflorentissimteres,
1707 2852 1775 2949 ip.

154 2999 269 3070 seque
299 2973 458 3042 babitus
488 2974 589 3040 inter
618 2969 770 3062 primos
796 2969 1041 3062 optimatum.
1108 2971 1243 3042 Multa
1264 2977 1436 3066 pecunia
1457 2979 1585 3048 Hruti
1606 2981 1778 3080 Herjolfi

152 3091 233 3198 filii
249 3085 367 3198 atqve
373 3103 528 3194 fratris
548 3099 746 3170 Hbskuldi
766 3103 878 3191 apud
900 3103 1012 3170 illum
1027 3101 1342 3172 conservabatur.
1397 3105 1621 3199 Complures
1640 3115 1687 3182 de
1706 3116 1779 3188 boc

147 3211 366 3332 jactabant
390 3256 602 3318 sermones,
639 3232 741 3322 qvod
755 3231 955 3299 Hbsbuldi
971 3257 1062 3324 opes
1082 3235 1170 3302 inde
1189 3234 1299 3302 baud
1316 3235 1397 3304 leve
1413 3238 1686 3312 detrimentum
1702 3272 1776 3316 ac-

158 3383 331 3464 cepturoe
343 3365 496 3458 forent,
521 3363 555 3430 si
575 3362 704 3430 Hruti
731 3373 912 3431 materna
928 3363 1143 3434 hareditas
1170 3367 1227 3434 ad
1256 3387 1418 3457 unguem
1448 3369 1636 3452 solvenda
1663 3394 1770 3451 esset.
1843 3365 1857 3382 ⁶

156 3503 316 3582 Hrutue
341 3497 443 3590 regis
467 3491 649 3566 Haraidi
672 3495 914 3564 Gunnbildoe
923 3491 1010 3584 filii
1022 3493 1112 3584 fuit
1136 3497 1292 3566 aulicus
1319 3492 1356 3565 8<
1377 3495 1418 3564 in
1434 3499 1604 3574 maximo
1621 3509 1773 3598 quidem

157 3635 314 3720 bonore,
330 3655 372 3700 eo
381 3597 643 3724 potissimum,
657 3627 758 3719 qvod
765 3626 805 3693 in
810 3625 1002 3718 periculis
1005 3625 1254 3716 fortissimus
1265 3641 1484 3719 compertus
1498 3645 1566 3702 est.
1618 3637 1774 3734 Regina

158 3777 290 3834 autem
317 3759 548 3830 Gunnbilda
575 3759 679 3828 tanti
711 3759 824 3826 illurn
860 3757 1124 3840 existimavit,
1160 3772 1205 3866 ut
1231 3761 1419 3830 nerninem
1458 3765 1678 3842 aulicorum
1704 3799 1773 3848 neo

158 3895 278 3966 dictis
309 3917 377 3964 nec
409 3891 503 3960 aliis
529 3889 639 3961 rebus
675 3889 738 3958 iili
773 3881 1016 3982 'asprandum
1046 3901 1224 3960 censeret.
1301 3891 1507 3988 thoidem
1539 3899 1573 3964 si
1607 3925 1772 4000 compa-

159 4025 265 4096 ratio
300 3987 472 4096 virorum
502 4023 623 4112 sacta
655 4035 711 4090 est
751 4017 790 4090 8(
838 4025 885 4090 de
915 4024 1158 4112 prc'estcntin
1196 4043 1328 4092 eorum
1382 4049 1575 4097 sermones
1619 4035 1774 4112 incide-

159 4170 272 4247 runt,
310 4141 383 4228 boo
427 4181 522 4226 sane
566 4153 739 4224 omnibus
783 4152 1056 4244 conspicuum,
1108 4147 1398 4245 Gunnbildnm,
1444 4172 1516 4227 aut
1557 4139 1771 4246 stultitiam

165 4303 237 4360 aut
264 4291 456 4362 invidiam
487 4291 526 4358 in
550 4311 690 4358 caussa
721 4311 803 4360 esse
823 4285 994 4370 credere,
1027 4282 1272 4378 siquisborno
1296 4309 1380 4354 crem
1397 4291 1531 4360 Hruto
1557 4317 1771 4393 compara-

161 4435 278 4494 retur.
351 4424 528 4516 Hrutuni
555 4443 641 4488 sum
671 4419 711 4488 in
749 4416 935 4516 Islandio
970 4439 1124 4508 magnae
1168 4441 1260 4510 opes
1293 4431 1408 4512 atqve
1444 4427 1664 4524 propinqui
1695 4463 1770 4512 no..

161 4553 254 4623 biles
278 4566 540 4650 expectarent,
566 4575 629 4621 eos
655 4549 804 4620 visendi
818 4547 1038 4656 cupiditate
1056 4559 1215 4641 captus,
1251 4552 1306 4618 ad
1328 4553 1552 4626 Islandiarn
1570 4567 1771 4658 proficisci
1854 4527 1859 4539 ι

155 4701 292 4779 parat.
346 4691 431 4758 Rex
451 4687 500 4757 ab
520 4687 590 4756 illo
605 4660 952 4753 discedens'navim
968 4681 1031 4749 illi
1046 4683 1146 4750 dono
1164 4682 1287 4771 dedit,
1323 4687 1677 4782 dixitqoeseillum
1695 4704 1769 4772 ho-

159 4831 309 4892 nestum
334 4845 413 4893 esse
433 4823 557 4894 virum
575 4828 784 4914 expertum.
840 4813 1072 4888 Gunnbilda
1084 4814 1262 4890 Hrutum
1279 4819 1335 4890 ad
1350 4821 1485 4894 navim
1504 4827 1689 4902 comitata
1708 4836 1767 4906 ita
