4612 5838
839 472 1054 592 Q

136 723 288 798 madum
315 731 403 793 erat
428 709 618 815 affabilis.
669 706 787 788 Nulli
817 713 978 806 Hrsjna
1008 723 1104 806 past
1133 683 1376 808 Kjartanum
1408 713 1493 788 viro
1517 728 1646 810 nupta
1679 729 1749 788 est.

133 860 342 950 Postquam
365 853 421 920 nd
446 848 623 920 borealia
645 846 847 955 pervenit,
875 845 979 920 brevi
1006 843 1106 917 vixit
1131 842 1168 918 8(
1191 847 1341 944 quidem
1354 847 1500 942 serunt
1523 847 1636 920 illam
1658 875 1750 945 proe

133 1010 302 1058 maerore
327 982 561 1056 exstinctam
580 1001 672 1050 esse.

435 1185 447 1278 t
601 1155 604 1166 ’
824 1209 954 1299 css.
981 1213 1056 1300 m.

331 1344 532 1474 an'rtani
548 1377 678 1470 funus
699 1397 773 1471 per
799 1397 919 1446 unam
945 1375 1208 1468 septimanam
1232 1376 1521 1472 Hjardarltolti
1546 1378 1746 1451 adstabat.

135 1513 388 1585 Tharsteinus
421 1508 547 1605 Egilli
567 1509 702 1603 filius,
739 1507 926 1600 templum
949 1507 1095 1602 Borgoe
1119 1522 1368 1581 exstruxerat
1375 1535 1390 1601 ,¹
1429 1513 1584 1582 domum
1617 1514 1745 1607 itaque

125 1645 315 1742 Kjartani
347 1655 490 1737 co'rpus
532 1666 662 1714 secum
703 1639 857 1729 avexit3
910 1639 969 1708 ita
1004 1640 1230 1734 Kjartanus
1267 1643 1414 1738 Bargoe
1449 1645 1627 1738 sepultus
1663 1659 1743 1716 est:

126 1780 263 1870 Nupdr
289 1776 477 1870 templum
506 1786 587 1844 tum
620 1783 709 1842 erat
736 1771 937 1842 initiatum
962 1782 1079 1867 atqve
1103 1771 1235 1842 adltuc
1261 1774 1303 1846 in
1333 1779 1461 1848 c‘and
1470 1777 1522 1846 id
1531 1778 1583 1850 is.
1651 1778 1743 1848 lam

59 1969 63 1977 .
124 1910 182 1978 ad
208 1907 366 1978 coniitia
399 1903 681 1977 Thornesensia
721 1913 873 1996 tempus
907 1903 1134 1986 deductum,
1174 1915 1327 1999 tumque
1366 1907 1497 1976 Osvivi
1518 1899 1624 1998 filiis
1658 1910 1742 1979 dies

127 2043 238 2111 dicta
262 2035 301 2108 8(
326 2063 455 2109 omnes
480 2011 631 2133 quidem
656 2007 803 2129 capitis
828 2035 1030 2122 damnati,
1065 2035 1238 2128 pecunia
1265 2047 1396 2106 tamen
1420 2039 1518 2106 data
1546 2038 1742 2131 impetra-

127 2185 230 2264 tum,
269 2184 314 2242 ut
340 2171 424 2241 illis
450 2178 703 2239 commeatum
725 2164 903 2261 prabere
929 2165 1081 2251 liceret,
1130 2178 1261 2238 tamen
1282 2168 1410 2240 redire
1438 2167 1549 2238 haud
1568 2169 1743 2263 permis-

125 2329 232 2395 sum,
262 2305 354 2374 dum
377 2301 520 2397 aliquis
543 2301 662 2372 Olavi
680 2297 862 2392 filiarum
884 2311 958 2369 aut
974 2281 1193 2394 'Asgeirum
1223 2301 1417 2396 Kjartani
1427 2298 1545 2391 filius
1575 2299 1616 2370 in
1643 2300 1741 2372 vivls

124 2449 260 2511 essent.
324 2434 528 2528 Gudlaugi
543 2439 709 2518 ,autem,'
740 2432 869 2504 Osuivi
894 2456 941 2506 ea
964 2454 1097 2503 sorore
1114 2433 1291 2526 nepotis,
1329 2435 1451 2504 aaedes
1477 2433 1644 2528 piaculo
1666 2455 1747 2503 ca·-

125 2572 208 2642 rnit
224 2581 442 2664 propterea
466 2567 568 2662 qvod
585 2565 830 2660 Kjartanum
852 2577 951 2637 esset
976 2587 1184 2660 aggressus
1221 2565 1324 2660 eique
1349 2565 1582 2650 insidiatus,
1623 2588 1743 2661 neqve
1813 2577 1819 2586 '

127 2702 317 2796 Tliarolfo
335 2699 421 2772 ulla
440 2721 620 2770 concessa
638 2694 799 2767 nonoris
816 2696 1015 2772 restitutio
1033 2707 1210 2790 propter.
1219 2719 1279 2783 ea,
1306 2721 1390 2792 qva
1403 2708 1622 2791 acceperat,
1647 2698 1740 2768 vul-

122 2855 232 2906 nera.
287 2833 436 2902 Olavus
454 2831 632 2902 Bellium
654 2827 839 2898 accusari
863 2827 991 2898 naluit
1014 2827 1256 2922 rogavitque,
1299 2828 1426 2898 atilli
1452 2831 1591 2914 eadem
1615 2850 1740 2921 pecu·
1855 2893 1860 2900 .

123 2968 193 3038 nia
216 2962 378 3056 expiare
388 2962 694 3055 permitteretur.
768 2956 977 3028 Haldorus
1005 2957 1090 3028 ltoea
1115 2982 1164 3027 ac
1181 2961 1410 3030 Steindarus
1431 2956 1468 3032 8(
1497 2984 1624 3031 amnes
1651 2961 1738 3055 qdi-

123 3099 209 3166 dem
230 3093 348 3164 Olavi
357 3093 443 3185 filii
459 3087 658 3185 aegerrime
673 3086 867 3173 tulerunt,
902 3084 1179 3181 sibiqvegrave
1190 3079 1377 3180 futurum
1397 3091 1667 3182 affirmarunt,
1704 3091 1739 3158 si

120 3225 278 3299 Ballius
319 3225 361 3292 in
402 3203 533 3292 eadem
566 3243 681 3316 *page
722 3229 954 3310 moraretur.
1035 3219 1184 3290 Olavus
1222 3219 1306 3308 liae,
1345 3220 1530 3315 quamdiu
1572 3223 1657 3314 ipse
1697 3220 1738 3289 in

121 3357 222 3430 vivis
257 3355 385 3448 foret,
445 3353 536 3424 bene
578 3371 775 3424 sessurum
820 3349 1073 3443 confirmauit.
1167 3351 1295 3423 Navis
1337 3351 1379 3422 in
1418 3353 1732 3443 Biarnarlsafnn

124 3487 332 3576 adstabat,
381 3510 463 3583 qva
487 3483 662 3561 Autuno
685 3493 775 3554 erat
798 3483 1090 3580 Feslargarmo.
1140 3481 1219 3554 Ille
1245 3482 1286 3552 in
1314 3484 1480 3555 comitiis
1501 3485 1645 3560 aderat
1668 3497 1739 3556 at·-

124 3645 188 3714 qve
232 3619 291 3690 ita
325 3619 573 3714 loquebatur:
615 3617 706 3712 jam
738 3614 780 3684 id
816 3615 1093 3700 miserrimum,
1144 3615 1246 3708 qvod
1275 3613 1344 3685 isti
1372 3616 1449 3688 viri
1481 3617 1592 3688 haud
1624 3629 1739 3722 erunt

125 3754 164 3823 in
179 3751 386 3843 Narragia
407 3749 535 3818 minus
553 3749 628 3838 nsi,
670 3741 705 3817 si
730 3723 1057 3842 Kjartnniamici
1083 3744 1221 3815 ibidem
1254 3746 1295 3816 in
1319 3747 1419 3819 vivis
1445 3762 1547 3828 sunt.
1633 3751 1740 3821 Tunc

124 3880 227 3954 dixit
256 3880 442 3950 osvinus:
470 3891 556 3963 tua,
590 3889 871 3948 catenarum
909 3877 1075 3946 canis!
1118 3877 1230 3947 lsaud
1254 3888 1346 3946 rata
1374 3895 1487 3950 erunt
1511 3883 1638 3970 dicta,
1664 3883 1740 3950 mei

124 4015 224 4088 enim
240 4009 325 4105 fitia·
353 4036 379 4088 a
400 4009 652 4106 principibus
676 4009 812 4102 magni
841 3979 1163 4097 oestimaduntur5
1213 4018 1256 4076 tu
1267 4021 1414 4098 autem,
1442 4022 1739 4080 catenarum

125 4169 178 4215 ca
189 4169 214 4215 n
226 4143 285 4214 isl
301 4141 378 4215 lias
396 4154 536 4214 aestate
549 4165 575 4212 a
593 4137 836 4212 daemonibus
856 4140 933 4210 eris
947 4139 1126 4208 ablatus·
1168 4135 1677 4236 AudunusFestargarmus
1691 4167 1739 4212 eu

125 4289 263 4347 astate
277 4297 440 4372 peregre
458 4275 664 4368 psofectus
682 4273 738 4342 ad
752 4273 948 4367 Fareyas,
957 4271 1060 4364 fecit
1075 4268 1343 4363 naufragium.
1397 4271 1460 4344 Ibi
1485 4284 1614 4346 omnes
1629 4298 1739 4345 man-

127 4406 225 4476 tales
241 4405 433 4516 interiere,
459 4407 520 4504 qvi
535 4407 632 4482 navi
648 4403 907 4498 infuerant*).
965 4403 1071 4476 Tunc
1094 4401 1226 4506 Osvivi
1242 4403 1471 4483 vaticinium
1486 4421 1623 4509 eventu
1643 4434 1740 4480 con-

149 4601 180 4672 Ὦ
207 4607 274 4664 His
298 4603 457 4665 authorem
486 4605 583 4681 Indus
617 4629 707 4686 saga
731 4604 1006 4666 anachronismum
1042 4603 1231 4662 commisisse
1259 4601 1345 4662 docet
1383 4605 1520 4668 historia
1552 4611 1740 4687 Gunnlaugi

220 4723 464 4800 Vermilingvis‚
481 4744 581 4802 qvem
601 4723 779 4784 Audunnus
799 4721 1044 4798 Festargarmus
1066 4737 1148 4778 anno
1174 4725 1264 4788 1006
1284 4721 1330 4780 ad
1351 4736 1468 4783 exteras
1486 4731 1580 4784 vexit.
1644 4726 1738 4786 Circa

202 4835 343 4894 'enrtdem
367 4859 484 4898 annum
509 4839 628 4898 Olnvus
648 4841 740 4898 Pavo
764 4849 888 4895 natura
914 4831 1054 4892 reddidit
1077 4833 1223 4897 debitum.
