4636 5832
915 467 1138 598 ..ἶ-3,..

202 727 282 802 Itte
296 717 721 820 Tnortjtrgamfittam
732 715 885 815 Steggit
902 716 1208 827 Midffitrdensts
1226 723 1270 797 tn
1289 719 1542 796 matrimonio
1560 719 1713 794 tabuit.
1770 685 1838 794 '11⁴

202 863 335 936 iatam
347 857 446 953 fllia
473 867 562 938 crat
586 853 832 964 lngibjiirgse'
848 865 974 963 Illugi
1000 864 1137 937 Soarti
1152 859 1302 958 (Nigri)
1316 882 1425 931 uxor.
1451 857 1634 936 ,Horam
1654 879 1745 929 cero
1755 854 1841 950 filii

203 1006 322 1073 crant
349 991 610 1068 Hermandas
638 999 759 1101 atqve
792 1001 1025 1096 Gunnl'o‘gas
1065 1001 1305 1093 Ormstnnga
1335 991 1397 1094 (V
1392 988 1664 1089 ermilingvis).
1740 990 1842 1062 Haec

202 1131 329 1227 stirps
345 1125 713 1236 Gitsbect-ingorom
730 1148 907 1213 occatur.
966 1135 1132 1208 Unnara
1152 1132 1230 1202 tati
1244 1132 1358 1234 modo
1376 1153 1467 1202 suos
1483 1125 1616 1226 affata
1632 1138 1701 1199 est.
1748 1125 1844 1200 Iam

197 1263 379 1364 proemioe
407 1296 568 1371 operam
595 1273 814 1370 accipietis,
849 1297 919 1346 nec
946 1267 1057 1342 nobis
1075 1268 1164 1364 jam
1194 1269 1336 1339 desunt
1365 1287 1457 1360 opes
1488 1265 1544 1335 ad
1578 1286 1839 1338 remuneran-

204 1401 264 1485 dse
304 1433 427 1507 opera
466 1421 599 1480 cestra
634 1418 752 1505 atqve
786 1405 1076 1504 benignitatem.
1161 1399 1283 1476 Vobis
1326 1421 1416 1472 vero
1459 1411 1596 1470 notam
1638 1412 1718 1491 est,
1782 1423 1843 1471 me

209 1541 276 1618 iili
290 1543 399 1635 viro,
426 1540 490 1612 cni
507 1565 645 1614 nomen
660 1551 719 1616 est
731 1539 885 1640 Erpus,
911 1551 1027 1636 atqve
1044 1559 1168 1609 comes
1183 1530 1447 1626 Meidanfnit
1459 1546 1592 1629 pater,
1620 1528 1843 1603 libertatem
1862 1517 1865 1524 ¹

207 1679 379 1764 dedisse,
406 1699 526 1775 neqve
539 1677 623 1748 allo
637 1687 760 1772 pacto
784 1675 909 1768 volui,
936 1675 1210 1772 virumgenere
1228 1685 1312 1744 tam
1330 1671 1497 1746 nobilem
1513 1677 1617 1749 servi
1627 1699 1764 1747 nomen
1776 1692 1843 1747 re·-

209 1815 346 1888 tincre.
401 1811 499 1884 Tam
520 1807 687 1883 Unnnra
706 1808 770 1882 iiii
784 1833 927 1909 agrum
943 1823 1068 1882 totam
1086 1807 1426 1900 Saadasetlensem
1440 1809 1543 1882 inter
1541 1810 1715 1906 flaviam
1731 1781 1861 1882 ton-¹

206 1950 290 2048 gud
306 1959 424 2046 atqve
448 1945 568 2018 Midd
594 1945 772 2020 donavit.
824 1945 945 2018 Illius
949 1943 1036 2040 filii
1057 1954 1174 2017 erant
1199 1943 1340 2014 Ormns
1347 1941 1602 2040 ,·Asgeirns,
1640 1945 1841 2038 Ganbjiir-

174 2110 177 2116 ·
208 2107 283 2155 nas
303 2091 421 2179 atqve
439 2078 658 2170 Halldisa,
690 2104 806 2177 qoam
821 2075 1085 2172 Dola-Alsos
1113 2077 1155 2148 in
1179 2075 1432 2146 matrimonio
1457 2075 1608 2150 habuit.
1659 2079 1841 2172 Siickolso

207 2213 318 2286 dedit
341 2210 675 2305 Sdciolfsdalnm,
715 2209 783 2283 nbi
805 2212 875 2283 ille
900 2223 1026 2283 totam
1061 2211 1142 2310 egit
1169 2209 1305 2298 vitam.
1373 2212 1481 2282 Unus
1496 2235 1543 2282 ea
1559 2209 1670 2284 illius
1686 2211 1840 2286 libertis

206 2349 382 2424 Handus
407 2342 646 2436 vocabatur,
673 2338 822 2441 ¹genere
844 2345 982 2418 Scottis
1006 2344 1070 2417 illi
1091 2343 1385 2418 Hundadalam
1406 2345 1607 2418 concessit.
1675 2347 1840 2436 Qvertae
1921 2353 1925 2368 '

197 2482 302 2581 filice
314 2477 685 2555 ThorsteiniRaadi
696 2479 774 2552 ost
788 2491 877 2553 erat
894 2503 1032 2552 nomen
1039 2505 1054 2575 ,·
1072 2479 1148 2551 ilia
1163 2481 1394 2552 eratmatcr'
1403 2475 1747 2580 Ttiorcteinifiurti
1757 2481 1838 2554 So-

201 2617 378 2715 pientis,
413 2613 479 2712 qvi
503 2611 770 2710 septimanam
792 2613 1005 2713 indagavit
1027 2637 1114 2712 qcoe
1138 2626 1244 2688 certo
1272 2625 1444 2711 tempore
1470 2613 1605 2686 testati
1635 2613 1838 2713 adjicitur.

208 2750 359 2840 Qointa
381 2747 1040 2844 sl'lsorsteinofiliaeratThoridida
1051 2747 1139 2845 Alfi
1150 2748 1497 2838 Dolensismater3
1523 2747 1836 2822 maltimortales

204 2881 259 2956 ab
275 2907 321 2954 eo
334 2905 459 2978 genus
475 2892 670 2977 repetant.
701 2865 923 2978 Illiasfilia
939 2895 1028 2954 erat
1047 2882 1287 2979 Thorgerda,
1314 2881 1500 2955 uaorAri
1510 2881 1713 2977 Mdrifilii
1723 2885 1835 2980 Rey-

205 3011 464 3112 kjanesensis,
489 3013 600 3108 cajus
613 3023 737 3108 pater
750 3025 840 3084 crat
854 2983 994 3087 >itlius
1005 3013 1366 3112 Skjdigas(Paetac)
1378 3012 1417 3087 8<
1429 3029 1557 3087 mater
1571 3017 1728 3114 Bjarga
1739 3016 1836 3110 fllia

207 3143 403 3242 Eyvindi,
438 3157 555 3240 atqve
567 3144 709 3240 Helgii
724 3144 884 3214 macelli
901 3166 1015 3214 soror
1036 3145 1140 3214 unde
1151 3146 1415 3240 Reyinesingi
1438 3148 1610 3218 oriundi.
1665 3151 1707 3221 V
1704 3148 1835 3242 igdisa

208 3289 297 3354 erat
311 3289 422 3349 sexta
429 3275 527 3376 filia
539 3271 761 3352 Thor'steini
768 3271 918 3368 Raudi,
945 3273 1331 3370 undeEyfjtirdensis
1348 3276 1424 3348 illa
1442 3277 1834 3374 stirpsHo'fdaman-

211 3434 361 3488 noram.

888 3616 1022 3709 CAP.
1058 3616 1162 3708 VH.

416 3777 582 3888 olavus
604 3813 751 3890 Feilan
773 3811 986 3888 liberorum
1013 3811 1238 3890 Titorsteini
1260 3823 1349 3884 erat
1365 3823 1484 3884 aetate
1503 3800 1699 3888 minimos.
1759 3819 1836 3892 Ille

210 3959 302 4026 erat
341 3943 406 4020 cir
443 3971 601 4043 magnae
637 3959 807 4020 statura
840 3947 1061 4049 viribusqve
1089 3946 1337 4046 praealtus,
1375 3948 1527 4037 forma
1561 3963 1766 4024 venustate
1797 3949 1836 4030 ἃ

212 4081 338 4156 omnis
349 4081 506 4177 generis
516 4082 764 4179 praetantia
783 4079 951 4178 insignis
957 4105 973 4173 ,·
1002 4081 1036 4152 is
1049 4083 1163 4179 apad
1182 4073 1387 4155 Unnaram
1396 4081 1575 4177 primam
1600 4084 1727 4156 tenuit
1749 4088 1835 4159 exi-

210 4213 453 4288 stimationis
473 4216 618 4309 locam,
640 4215 857 4313 palamqve
862 4210 967 4306 fecit
980 4211 1076 4306 itta,
1103 4239 1143 4286 sc
1159 4237 1289 4286 omnes
1311 4238 1404 4311 opes
1429 4200 1514 4311 qioe
1532 4215 1725 4288 Hvammi
1747 4245 1835 4294 mo-

212 4351 318 4424 riens
334 4349 526 4421 relictura
543 4363 660 4439 esset,
688 4347 753 4420 illi
770 4336 1001 4420 testamento
1016 4347 1268 4422 donatistam.
1319 4349 1411 4420 Jam
1432 4347 1637 4420 Unnaram
1650 4351 1755 4446 cepit
1768 4353 1835 4426 in-

209 4483 478 4582 gravescentis
497 4483 632 4557 atatis
649 4471 852 4575 debilitas,
876 4487 963 4554 tam
978 4483 1147 4556 Oiaonm
1159 4483 1303 4557 Feilan
1322 4483 1433 4555 adse
1458 4481 1632 4574 vocavit,
1668 4511 1755 4560 enm
1779 4488 1837 4559 eie

210 4617 414 4698 allocuta:
447 4617 498 4692 Id
517 4618 617 4692 mihi
630 4619 672 4692 in
687 4628 853 4689 mentem
867 4617 992 4707 venit,
1022 4617 1079 4690 mi
1091 4631 1255 4716 cognate
1262 4618 1279 4690 Ι
1292 4616 1364 4690 tibi
1369 4617 1459 4712 jam
1471 4641 1553 4692 esse
1570 4617 1837 4694 inchoandam

212 4752 521 4826 constantiorem
534 4752 629 4826 oitoe
643 4752 837 4826 rationem
853 4774 1082 4850 oaoremqoe
1099 4753 1328 4826 ducendam.
1385 4753 1535 4826 Olavas
1557 4753 1661 4826 nanc
1684 4779 1834 4828 sermo-

212 4907 300 4958 nem
314 4882 477 4984 benigne
493 4885 708 4985 excipiens,
736 4887 847 4961 iilius
859 4884 1047 4975 consilio,
1074 4909 1154 4962 sese
1164 4886 1244 4962 liac
1258 4887 1300 4960 in
1314 4908 1359 4960 re
1373 4886 1635 4982 usarumsorc
1654 4884 1834 4982 affirma-
