4638 5844
1195 487 1409 608 ...Q

693 754 818 841 Quum
836 768 924 820 cero
938 752 1076 840 posteo
1091 737 1219 812 literis
1230 747 1267 808 et
1281 733 1425 832 sigillis
1440 689 1585 822 eadem,
1603 752 1652 800 oc
1664 721 2017 805 utseetarteiknnm,
2032 716 2114 787 ad-

497 879 947 986 sequerentur-antiqui,
986 869 1335 950 verisimillimum
1360 867 1543 956 videtur,·
1574 863 1616 934 in
1642 885 1716 934 usu
1733 859 1866 952 fuisse
1886 855 1970 927 ieoec
1993 852 2112 946 signa

494 1046 598 1110 esec,
624 1018 660 1089 si
678 1040 756 1088 nou
772 1027 861 1087 orte
883 1007 1076 1084 scribendi
1094 1001 1345 1101 antiquiore,¹
1367 1013 1544 1072 attamen
1566 1021 1629 1083 eo,
1658 1018 1733 1091 quo
1749 991 1853 1064 itanc
1868 985 2040 1062 nondum
2055 982 2113 1052 ad

491 1152 683 1252 graviora
709 1148 893 1222 adhibere
915 1144 1158 1228 didicerant,
1191 1161 1308 1234 quam
1325 1137 1381 1206 nd
1397 1132 1525 1206 breuia
1544 1125 1755 1225 epitaphia
1781 1135 1900 1219 atque
1919 1119 2111 1189 inconta-

493 1297 646 1375 menta,
671 1283 752 1370 vel,
780 1278 846 1351 ubi
856 1275 1094 1374 plurimum,
1120 1273 1176 1344 od
1193 1279 1399 1343 stemmata
1421 1261 1699 1362 genealogicq‚
1726 1255 1848 1352 lignis
1863 1263 1936 1324 aut
1953 1244 2109 1344 lapidi-

392 1445 400 1490 .·
493 1419 565 1492 bus
583 1413 829 1492 inscribenda
840 1462 854 1501 ,
892 1434 970 1482 non
988 1420 1119 1479 autem
1134 1401 1360 1478 membrana
1370 1452 1383 1486 ,
1408 1400 1518 1495 cujus
1534 1391 1842 1470 adscribendum
1861 1380 2110 1464 munecius,

497 1574 617 1647 opera
635 1543 1136 1643 inprimis'clu'istianorum
1151 1530 1617 1608 monachorurninooluit.
1673 1527 1798 1614 Quum
1809 1521 1931 1617 igitur
1941 1512 2113 1588 occurrit

497 1681 728 1758 vocobulum
744 1677 958 1766 Jsrtciknir,
985 1687 1174 1771 tanquam
1191 1669 1226 1740 si
1244 1669 1328 1740 inec
1349 1668 1462 1761 signa
1489 1667 1531 1736 in
1547 1659 1745 1754 Noroegia
1772 1668 1944 1747 tempore
1966 1647 2113 1720 stiam-

497 1843 590 1892 num
609 1813 723 1887 Olaoi
740 1809 878 1882 Sancti
895 1809 934 1880 in
952 1833 1022 1881 usu
1041 1818 1188 1892 essent,
1223 1801 1296 1874 hoc
1306 1812 1525 1898 propterea
1540 1794 1630 1890 fieri
1651 1790 1864 1877 credimus,
1890 1781 1994 1882 quod
2018 1791 2110 1851 tuno

499 1947 686 2046 temporis
705 1942 898 2040 epistolas
921 1940 1086 2013 scribere
1105 1939 1275 2013 nondum
1296 1934 1518 2008 didicerant
1523 1956 1538 2022 ,·
1563 1931 1606 2001 id
1620 1927 1724 2026 quod
1742 1922 1862 1997 etiam
1883 1921 2111 1990 documento

498 2106 579 2156 esse
590 2090 735 2179 potest,
759 2076 956 2150 missum
972 2075 1126 2146 illudet
1146 2073 1358 2168 signum,
1385 2067 1488 2166 quod
1502 2061 1729 2160 Ausgarius
1748 2056 1903 2130 nomine
1921 2048 2022 2144 regis
2034 2043 2113 2116 Ju-

498 2218 567 2289 tioe
585 2213 716 2301 Erici,
739 2213 796 2282 ad
816 2211 998 2300 Olaoum,
1024 2209 1225 2282 Succorum
1245 2228 1390 2300 regem,
1418 2195 1621 2293 attulitv*),
1648 2197 1707 2268 ita
1732 2215 1812 2266 esse
1839 2189 2113 2278 interpretan-

454 2415 462 2428 ,
500 2352 603 2438 dum,
630 2358 673 2418 ut
692 2356 763 2416 aut
785 2327 1075 2437 Ordsendtng‘et
1087 2339 1250 2413 Jartcikn
1267 2336 1405 2434 (versio
1422 2334 1588 2430 antiqua
1603 2326 1707 2406 Seec.
1725 2322 1841 2398 habet
1855 2309 2115 2392 BudetWor-

499 2495 586 2579 tegn
602 2475 678 2574 ἢ),
704 2489 776 2548 aut
791 2476 1001 2570 epistolam
1016 2473 1065 2543 ab
1083 2474 1170 2568 ipso
1181 2469 1386 2564 Ansgario
1402 2492 1478 2564 pro
1493 2491 1581 2562 rege
1597 2464 1791 2559 scriptam
1804 2469 1842 2532 et
1858 2467 2113 2545 monogram-

500 2627 607 2690 mate
626 2611 728 2708 regis
744 2610 964 2704 signatam,
990 2607 1094 2696 hisce
1115 2606 1241 2682 uerbis
1261 2602 1426 2676 describi
1441 2601 1607 2673 uoluerit
1626 2607 1767 2669 auctor
1784 2589 1871 2687 Μ).
1930 2582 2004 2658 Ubi
2020 2599 2115 2656 veto

499 2747 662 2822 tarteikn
679 2742 852 2838 sequenti
874 2753 1064 2838 tempore.
1096 2751 1306 2838 postquam
1329 2735 1508 2833 epistolae
1524 2729 1721 2806 'conscribi
1738 2730 1962 2823 caeperunt,
1991 2717 2108 2787 iuve-

499 2883 622 2970 nitur,
649 2877 703 2949 ibi
721 2888 793 2948 aut
812 2901 880 2949 eos
904 2900 978 2962 res,
1003 2874 1147 2971 quaein
1166 2875 1292 2945 locum
1311 2872 1423 2942 illius
1443 2869 1699 2950 succederent,
1726 2860 1904 2957 epistolas
1924 2851 2114 2928 nimirum

502 3027 539 3085 et
558 3011 715 3108 sigilla,
740 3009 814 3110 icoc
833 3009 947 3082 verbo
964 3005 1203 3104 significari,
1237 3017 1309 3079 aut
1323 3005 1534 3101 accidisse,
1566 3015 1609 3074 ut
1627 2999 1859 3072 mandatum
1882 2986 2115 3086 literisbcre-

503 3148 593 3220 dere
609 3167 687 3216 non
705 3144 795 3213 ausi
808 3142 889 3214 sint
906 3143 1122 3229 mittentes,
1148 3144 1216 3216 sed
1235 3141 1386 3212 annulo
1412 3139 1489 3210 sive
1512 3135 1646 3231 sigillo
1667 3129 1866 3227 offirmare
1886 3117 2116 3206 maluerint,

498 3301 695 3376 ponamus
709 3299 859 3346 necesse
873 3287 941 3346 est.
1002 3278 1069 3346 Itu
1091 3276 1210 3344 etiam
1237 3275 1340 3344 illud
1361 3269 1599 3362 Ordsendtng
1624 3269 1671 3338 ok
1694 3263 1915 3347 Jarteiknir,
1952 3269 2114 3352 quocum

505 3413 679 3486 Canutus
690 3411 857 3482 Sanctus
865 3409 1040 3499 fratrem
1052 3409 1215 3480 Olovunt
1226 3407 1427 3502 captivum
1440 3406 1480 3474 iu
1500 3402 1739 3474 Flandriam
1753 3398 1861 3469 misit
1869 3389 1987 3486 Μ’),
2014 3397 2116 3458 recte

491 3547 673 3640 fortasse
697 3543 1014 3636 interpretamur.
1075 3541 1200 3628 Quum
1227 3541 1267 3608 iu
1296 3536 1562 3610 Scandiuaoio
1592 3532 1812 3628 ceteroquin
1833 3529 1962 3601 seculo
1987 3523 2115 3596 XImo

504 3678 640 3773 sigilla
648 3681 738 3770 jam
752 3674 793 3744 in
809 3697 881 3744 usu
898 3653 1042 3757 esseut,
1075 3684 1113 3742 et
1138 3683 1317 3768 sequente
1335 3669 1464 3741 seculo
1481 3667 1600 3739 etiam
1617 3666 1730 3761 opud
1745 3663 1933 3736 tuendos
1950 3657 2114 3730 annulis

509 3847 779 3868 m

587 3942 617 4028 *)
641 3942 871 4005 [teubertus
895 3945 930 4002 in
949 3944 1029 4004 Sor.
1064 3965 1143 4007 rer«
1173 3945 1278 4004 Dan.
1304 3945 1332 4006 J.
1339 3964 1378 4022 p.
1398 3945 1481 4013 473.
1504 3939 1566 4019 cjr.
1594 3933 1957 4003 Sutmt-Dmmsrks
1972 3929 2119 3996 noteris

635 4049 677 4112 11.
695 4066 726 4126 p.
749 4054 826 4118 178·
1268 4071 1272 4082 ·

563 4153 613 4236 **)
629 4151 752 4214 -Iltrii
769 4155 871 4214 Gloss.
890 4152 1047 4232 Suiogoth.
1066 4155 1121 4214 col.
1139 4159 1220 4227 972.

549 4255 614 4338 m)
640 4258 731 4318 Ta'lis
756 4261 972 4338 interpretatio
997 4262 1034 4317 in
1054 4257 1137 4318 hensa
1159 4259 1259 4318 Iocum
1276 4259 1388 4339 potius
1406 4258 1529 4320 uidetur
1546 4259 1723 4340 quadrare,
1749 4275 1845 4336 quam
1862 4274 1902 4313 es·
1917 4255 2064 4332 opinione
2077 4253 2117 4313 (ἶ.

637 4362 923 4422 Deielsmanui
939 4356 1092 4441 (Suhms
1107 4365 1227 4440 Breve,
1245 4381 1277 4442 P·
1294 4361 1377 4444 320)
1393 4365 1429 4422 in
1447 4366 1600 4423 literas
1620 4363 1696 4422 ilios
1720 4363 1845 4438 regia
1868 4377 1989 4416 manu
2012 4375 2121 4416 more

638 4467 651 4522 i
652 4485 727 4542 pso
735 4487 779 4525 ru
788 4489 821 4558 ne·
841 4467 865 4526 d
872 4465 938 4544 eso
946 4480 1048 4527 rtnat
1058 4489 1078 4526 a
1088 4490 1123 4540 s,
1142 4489 1222 4548 quas
1240 4489 1261 4526 a
1273 4469 1437 4526 Succorum
1449 4471 1691 4548 regijo'rncne
1707 4465 1753 4525 ad
1765 4464 1961 4526 Ludwicuns
1973 4464 2118 4539 impera-

638 4582 731 4628 torem
747 4572 853 4630 attulit
868 4573 1056 4664 Augurius
1072 4576 1168 4644 (Sar.
1185 4593 1260 4632 rer.
1276 4573 1377 4632 Dan.
1397 4573 1424 4630 Ι.
1436 4595 1471 4652 p.
1488 4579 1602 4646 448),

528 4673 613 4758 ‘****)
636 4670 940 4754 Knytiings-Ssgs,
959 4696 990 4755 p.
1012 4686 1066 4751 34.
1120 4681 1259 4739 Ceterum
1275 4675 1425 4734 uocabulo
1442 4678 1632 4737 Ierteikn
1654 4676 1808 4736 hoccerte
1825 4673 1893 4733 loeo
1908 4667 2073 4748 epistolam
2087 4678 2120 4725 et

639 4779 782 4857 sigilium
798 4781 982 4857 significari
992 4802 1102 4860 posse,
1124 4782 1264 4862 equidem
1277 4801 1337 4839 non
1352 4801 1430 4860 nego
1437 4825 1451 4853 ,
1476 4803 1571 4861 quum
1586 4787 1622 4840 in
1636 4775 1884 4856 flammula,
1911 4777 1973 4837 111-
1984 4792 2019 4851 1>-
2032 4779 2122 4844 ⁴39·

638 4890 706 4952 441
720 4927 730 4958 2
765 4885 922 4964 Erlingue
941 4885 1058 4946 Stat-et
1069 4891 1157 4966 regis
1174 4888 1299 4948 Danici
1312 4881 1509 4962 Ordsendtng
1517 4928 1527 4958 ,
1549 4884 1624 4945 bctf
1636 4885 1679 4945 ok
1693 4883 1821 4963 inusigli
1837 4883 1966 4942 usisisce
1976 4879 2122 4938 dicatur.
