<?xml version="1.0" encoding="UTF-8"?>
<!DOCTYPE html PUBLIC "-//W3C//DTD XHTML 1.0 Transitional//EN"
    "http://www.w3.org/TR/xhtml1/DTD/xhtml1-transitional.dtd">
<html xmlns="http://www.w3.org/1999/xhtml" xml:lang="en" lang="en">
 <head>
  <title>
</title>
<meta http-equiv="Content-Type" content="text/html;charset=utf-8" />
  <meta name='ocr-system' content='tesseract 3.04.00' />
  <meta name='ocr-capabilities' content='ocr_page ocr_carea ocr_par ocr_line ocrx_word'/>
</head>
<body>
  <div class='ocr_page' id='page_1' title='image "./laxdlasagasiveh00stifgoog_0160.png"; bbox 0 0 4612 5832; ppageno 0'>
   <div class='ocr_carea' id='block_1_1' title="bbox 857 477 1060 592">
    <p class='ocr_par' dir='ltr' id='par_1_1' title="bbox 857 477 1060 592">
     <span class='ocr_line' id='line_1_1' title="bbox 857 477 1060 592; baseline 0 -36"><span class='ocrx_word' id='word_1_1' title='bbox 857 477 1060 592; x_wconf 52' lang='lat' dir='ltr'>Q</span> 
     </span>
    </p>
   </div>
   <div class='ocr_carea' id='block_1_2' title="bbox 138 701 1780 2796">
    <p class='ocr_par' dir='ltr' id='par_1_2' title="bbox 138 701 1780 2796">
     <span class='ocr_line' id='line_1_2' title="bbox 157 701 1768 816; baseline 0.002 -19"><span class='ocrx_word' id='word_1_2' title='bbox 157 721 262 797; x_wconf 83' lang='lat' dir='ltr'><strong><em>lios?</em></strong></span> <span class='ocrx_word' id='word_1_3' title='bbox 279 723 373 794; x_wconf 84' lang='lat' dir='ltr'><strong><em>Tam</em></strong></span> <span class='ocrx_word' id='word_1_4' title='bbox 386 721 532 793; x_wconf 80' lang='lat' dir='ltr'><strong><em>otacus</em></strong></span> <span class='ocrx_word' id='word_1_5' title='bbox 546 719 751 794; x_wconf 83' lang='lat' dir='ltr'><strong><em>manubrio</em></strong></span> <span class='ocrx_word' id='word_1_6' title='bbox 759 722 930 814; x_wconf 83' lang='lat' dir='ltr'><strong><em>frameae</em></strong></span> <span class='ocrx_word' id='word_1_7' title='bbox 946 743 1195 816; x_wconf 68' lang='lat' dir='ltr'><strong><em>quemcunqee</em></strong></span> <span class='ocrx_word' id='word_1_8' title='bbox 1206 721 1398 809; x_wconf 87' lang='lat' dir='ltr'><strong><em>indicans,</em></strong></span> <span class='ocrx_word' id='word_1_9' title='bbox 1409 721 1567 796; x_wconf 87' lang='lat' dir='ltr'><strong><em>nomina</em></strong></span> <span class='ocrx_word' id='word_1_10' title='bbox 1588 701 1768 816; x_wconf 72' lang='lat' dir='ltr'><strong><em>omnibns,</em></strong></span> 
     </span>
     <span class='ocr_line' id='line_1_3' title="bbox 156 851 1767 954; baseline -0.001 -24"><span class='ocrx_word' id='word_1_11' title='bbox 156 860 216 954; x_wconf 81' lang='lat' dir='ltr'><strong><em>qvi</em></strong></span> <span class='ocrx_word' id='word_1_12' title='bbox 231 859 419 938; x_wconf 88' lang='lat' dir='ltr'><strong><em>aderant,</em></strong></span> <span class='ocrx_word' id='word_1_13' title='bbox 445 856 630 925; x_wconf 83' lang='lat' dir='ltr'><strong><em>elocutus.</em></strong></span> <span class='ocrx_word' id='word_1_14' title='bbox 691 853 817 926; x_wconf 85' lang='lat' dir='ltr'><strong><em>Multi</em></strong></span> <span class='ocrx_word' id='word_1_15' title='bbox 835 879 923 928; x_wconf 76' lang='lat' dir='ltr'><strong><em>nero</em></strong></span> <span class='ocrx_word' id='word_1_16' title='bbox 939 851 993 924; x_wconf 88' lang='lat' dir='ltr'><strong><em>ibi</em></strong></span> <span class='ocrx_word' id='word_1_17' title='bbox 1008 855 1085 926; x_wconf 83' lang='lat' dir='ltr'><strong><em>oiri</em></strong></span> <span class='ocrx_word' id='word_1_18' title='bbox 1102 857 1253 941; x_wconf 79' lang='lat' dir='ltr'><strong><em>adniti,</em></strong></span> <span class='ocrx_word' id='word_1_19' title='bbox 1298 879 1424 950; x_wconf 83' lang='lat' dir='ltr'><em>nuper</em></span> <span class='ocrx_word' id='word_1_20' title='bbox 1446 879 1492 926; x_wconf 82' lang='lat' dir='ltr'><strong><em>ex</em></strong></span> <span class='ocrx_word' id='word_1_21' title='bbox 1510 881 1609 953; x_wconf 81' lang='lat' dir='ltr'><strong><em>aqva</em></strong></span> <span class='ocrx_word' id='word_1_22' title='bbox 1631 861 1767 932; x_wconf 87' lang='lat' dir='ltr'><strong><em>emersi</em></strong></span> 
     </span>
     <span class='ocr_line' id='line_1_4' title="bbox 156 984 1767 1086; baseline 0.002 -27"><span class='ocrx_word' id='word_1_23' title='bbox 156 1001 266 1086; x_wconf 82' lang='lat' dir='ltr'><strong><em>atqve</em></strong></span> <span class='ocrx_word' id='word_1_24' title='bbox 280 988 320 1056; x_wconf 90' lang='lat' dir='ltr'><strong><em>in</em></strong></span> <span class='ocrx_word' id='word_1_25' title='bbox 327 985 509 1080; x_wconf 83' lang='lat' dir='ltr'><strong><em>flaminis</em></strong></span> <span class='ocrx_word' id='word_1_26' title='bbox 525 984 618 1078; x_wconf 86' lang='lat' dir='ltr'><strong><em>ripa</em></strong></span> <span class='ocrx_word' id='word_1_27' title='bbox 636 985 876 1058; x_wconf 75' lang='lat' dir='ltr'><em>considentes</em></span> <span class='ocrx_word' id='word_1_28' title='bbox 890 988 1250 1079; x_wconf 83' lang='lat' dir='ltr'><strong><em>apndKiartunum</em></strong></span> <span class='ocrx_word' id='word_1_29' title='bbox 1266 999 1378 1081; x_wconf 79' lang='lat' dir='ltr'><strong><em>atqve</em></strong></span> <span class='ocrx_word' id='word_1_30' title='bbox 1398 987 1507 1058; x_wconf 82' lang='lat' dir='ltr'><strong><em>illins</em></strong></span> <span class='ocrx_word' id='word_1_31' title='bbox 1523 993 1656 1062; x_wconf 85' lang='lat' dir='ltr'><strong><em>socios.</em></strong></span> <span class='ocrx_word' id='word_1_32' title='bbox 1686 995 1767 1062; x_wconf 88' lang='lat' dir='ltr'><strong><em>Ge-</em></strong></span> 
     </span>
     <span class='ocr_line' id='line_1_5' title="bbox 154 1114 1766 1216; baseline 0.003 -27"><span class='ocrx_word' id='word_1_33' title='bbox 154 1132 236 1191; x_wconf 82' lang='lat' dir='ltr'><strong><em>stae</em></strong></span> <span class='ocrx_word' id='word_1_34' title='bbox 251 1118 408 1214; x_wconf 81' lang='lat' dir='ltr'><strong><em>negavit</em></strong></span> <span class='ocrx_word' id='word_1_35' title='bbox 423 1142 463 1187; x_wconf 82' lang='lat' dir='ltr'><strong><em>se</em></strong></span> <span class='ocrx_word' id='word_1_36' title='bbox 482 1119 524 1186; x_wconf 88' lang='lat' dir='ltr'><strong><em>in</em></strong></span> <span class='ocrx_word' id='word_1_37' title='bbox 547 1115 610 1186; x_wconf 81' lang='lat' dir='ltr'><strong><em>bis</em></strong></span> <span class='ocrx_word' id='word_1_38' title='bbox 633 1114 853 1202; x_wconf 80' lang='lat' dir='ltr'><strong><em>bominibus</em></strong></span> <span class='ocrx_word' id='word_1_39' title='bbox 878 1126 1087 1210; x_wconf 80' lang='lat' dir='ltr'><strong><em>agnoscere</em></strong></span> <span class='ocrx_word' id='word_1_40' title='bbox 1115 1119 1201 1187; x_wconf 81' lang='lat' dir='ltr'><strong><em>nlla</em></strong></span> <span class='ocrx_word' id='word_1_41' title='bbox 1228 1119 1343 1212; x_wconf 84' lang='lat' dir='ltr'><strong><em>signa</em></strong></span> <span class='ocrx_word' id='word_1_42' title='bbox 1373 1122 1488 1192; x_wconf 82' lang='lat' dir='ltr'><strong><em>Olaei</em></strong></span> <span class='ocrx_word' id='word_1_43' title='bbox 1508 1147 1631 1216; x_wconf 84' lang='lat' dir='ltr'><strong><em>genas</em></strong></span> <span class='ocrx_word' id='word_1_44' title='bbox 1657 1124 1766 1194; x_wconf 88' lang='lat' dir='ltr'><strong><em>indi-</em></strong></span> 
     </span>
     <span class='ocr_line' id='line_1_6' title="bbox 153 1247 1780 1342; baseline 0.004 -22"><span class='ocrx_word' id='word_1_45' title='bbox 153 1251 299 1321; x_wconf 85' lang='lat' dir='ltr'><strong><em>cantia.</em></strong></span> <span class='ocrx_word' id='word_1_46' title='bbox 356 1253 462 1322; x_wconf 87' lang='lat' dir='ltr'><strong><em>Tnnc</em></strong></span> <span class='ocrx_word' id='word_1_47' title='bbox 483 1251 653 1321; x_wconf 76' lang='lat' dir='ltr'><strong><em>otacus:</em></strong></span> <span class='ocrx_word' id='word_1_48' title='bbox 679 1247 789 1318; x_wconf 81' lang='lat' dir='ltr'><strong><em>baad</em></strong></span> <span class='ocrx_word' id='word_1_49' title='bbox 806 1248 1009 1334; x_wconf 88' lang='lat' dir='ltr'><strong><em>immerito,</em></strong></span> <span class='ocrx_word' id='word_1_50' title='bbox 1041 1249 1173 1342; x_wconf 79' lang='lat' dir='ltr'><strong><em>inqeit,</em></strong></span> <span class='ocrx_word' id='word_1_51' title='bbox 1196 1252 1452 1341; x_wconf 77' lang='lat' dir='ltr'><em>prudentiam</em></span> <span class='ocrx_word' id='word_1_52' title='bbox 1474 1268 1600 1342; x_wconf 78' lang='lat' dir='ltr'><strong><em>taccm,</em></strong></span> <span class='ocrx_word' id='word_1_53' title='bbox 1629 1258 1780 1327; x_wconf 77' lang='lat' dir='ltr'><strong><em>Gestet‘</em></strong></span> 
     </span>
     <span class='ocr_line' id='line_1_7' title="bbox 150 1377 1764 1483; baseline 0.003 -29"><span class='ocrx_word' id='word_1_54' title='bbox 150 1384 422 1471; x_wconf 78' lang='lat' dir='ltr'><strong><em>admirantur,</em></strong></span> <span class='ocrx_word' id='word_1_55' title='bbox 457 1407 540 1452; x_wconf 85' lang='lat' dir='ltr'><strong><em>cnm</em></strong></span> <span class='ocrx_word' id='word_1_56' title='bbox 568 1377 639 1450; x_wconf 87' lang='lat' dir='ltr'><strong><em>tibi</em></strong></span> <span class='ocrx_word' id='word_1_57' title='bbox 657 1378 873 1472; x_wconf 78' lang='lat' dir='ltr'><strong><em>incognitos</em></strong></span> <span class='ocrx_word' id='word_1_58' title='bbox 888 1379 1061 1451; x_wconf 76' lang='lat' dir='ltr'><strong><em>homines</em></strong></span> <span class='ocrx_word' id='word_1_59' title='bbox 1088 1381 1315 1475; x_wconf 83' lang='lat' dir='ltr'><strong><em>dignoscas,</em></strong></span> <span class='ocrx_word' id='word_1_60' title='bbox 1341 1378 1379 1453; x_wconf 74' lang='lat' dir='ltr'><strong><em>bt</em></strong></span> <span class='ocrx_word' id='word_1_61' title='bbox 1405 1408 1500 1454; x_wconf 86' lang='lat' dir='ltr'><strong><em>sane</em></strong></span> <span class='ocrx_word' id='word_1_62' title='bbox 1521 1388 1652 1476; x_wconf 77' lang='lat' dir='ltr'><strong><em>celim,</em></strong></span> <span class='ocrx_word' id='word_1_63' title='bbox 1679 1389 1764 1483; x_wconf 83' lang='lat' dir='ltr'><strong><em>qoi-</em></strong></span> 
     </span>
     <span class='ocr_line' id='line_1_8' title="bbox 150 1506 1763 1608; baseline 0.004 -23"><span class='ocrx_word' id='word_1_64' title='bbox 150 1539 244 1585; x_wconf 87' lang='lat' dir='ltr'><strong><em>nam</em></strong></span> <span class='ocrx_word' id='word_1_65' title='bbox 262 1512 399 1584; x_wconf 80' lang='lat' dir='ltr'><strong><em>boram</em></strong></span> <span class='ocrx_word' id='word_1_66' title='bbox 402 1515 589 1608; x_wconf 73' lang='lat' dir='ltr'><strong><em>jecenam</em></strong></span> <span class='ocrx_word' id='word_1_67' title='bbox 599 1509 812 1581; x_wconf 79' lang='lat' dir='ltr'><strong><em>maximam</em></strong></span> <span class='ocrx_word' id='word_1_68' title='bbox 825 1506 1062 1604; x_wconf 84' lang='lat' dir='ltr'><strong><em>potestatem</em></strong></span> <span class='ocrx_word' id='word_1_69' title='bbox 1077 1515 1294 1608; x_wconf 79' lang='lat' dir='ltr'><strong><em>adepturus</em></strong></span> <span class='ocrx_word' id='word_1_70' title='bbox 1308 1513 1372 1597; x_wconf 88' lang='lat' dir='ltr'><strong><em>sit,</em></strong></span> <span class='ocrx_word' id='word_1_71' title='bbox 1398 1514 1495 1584; x_wconf 82' lang='lat' dir='ltr'><strong><em>mibi</em></strong></span> <span class='ocrx_word' id='word_1_72' title='bbox 1509 1518 1629 1586; x_wconf 87' lang='lat' dir='ltr'><strong><em>dicas.</em></strong></span> <span class='ocrx_word' id='word_1_73' title='bbox 1683 1521 1763 1592; x_wconf 90' lang='lat' dir='ltr'><strong><em>Ge-</em></strong></span> 
     </span>
     <span class='ocr_line' id='line_1_9' title="bbox 149 1629 1760 1736; baseline 0.001 -18"><span class='ocrx_word' id='word_1_74' title='bbox 149 1659 233 1718; x_wconf 84' lang='lat' dir='ltr'><strong><em>stos</em></strong></span> <span class='ocrx_word' id='word_1_75' title='bbox 256 1645 368 1718; x_wconf 82' lang='lat' dir='ltr'><strong><em>dixit.</em></strong></span> <span class='ocrx_word' id='word_1_76' title='bbox 425 1645 529 1716; x_wconf 80' lang='lat' dir='ltr'><strong><em>Tuas</em></strong></span> <span class='ocrx_word' id='word_1_77' title='bbox 552 1643 624 1714; x_wconf 81' lang='lat' dir='ltr'><strong><em>boc</em></strong></span> <span class='ocrx_word' id='word_1_78' title='bbox 645 1666 758 1713; x_wconf 88' lang='lat' dir='ltr'><strong><em>amor</em></strong></span> <span class='ocrx_word' id='word_1_79' title='bbox 780 1643 925 1736; x_wconf 86' lang='lat' dir='ltr'><strong><em>optime</em></strong></span> <span class='ocrx_word' id='word_1_80' title='bbox 948 1644 1120 1734; x_wconf 56' lang='lat' dir='ltr'><strong><em>indicam·</em></strong></span> <span class='ocrx_word' id='word_1_81' title='bbox 1160 1629 1384 1716; x_wconf 84' lang='lat' dir='ltr'><strong><em>Kiartanns</em></strong></span> <span class='ocrx_word' id='word_1_82' title='bbox 1405 1646 1506 1718; x_wconf 89' lang='lat' dir='ltr'><strong><em>enim</em></strong></span> <span class='ocrx_word' id='word_1_83' title='bbox 1533 1650 1624 1719; x_wconf 85' lang='lat' dir='ltr'><strong><em>dam</em></strong></span> <span class='ocrx_word' id='word_1_84' title='bbox 1646 1652 1760 1736; x_wconf 79' lang='lat' dir='ltr'><strong><em>vivet,</em></strong></span> 
     </span>
     <span class='ocr_line' id='line_1_10' title="bbox 148 1774 1763 1877; baseline 0.002 -27"><span class='ocrx_word' id='word_1_85' title='bbox 148 1779 315 1850; x_wconf 84' lang='lat' dir='ltr'><strong><em>maxime</em></strong></span> <span class='ocrx_word' id='word_1_86' title='bbox 338 1774 609 1848; x_wconf 80' lang='lat' dir='ltr'><strong><em>astimobitar.</em></strong></span> <span class='ocrx_word' id='word_1_87' title='bbox 670 1777 809 1846; x_wconf 83' lang='lat' dir='ltr'><strong><em>Gestae</em></strong></span> <span class='ocrx_word' id='word_1_88' title='bbox 832 1777 970 1846; x_wconf 88' lang='lat' dir='ltr'><strong><em>deinde</em></strong></span> <span class='ocrx_word' id='word_1_89' title='bbox 995 1798 1085 1869; x_wconf 80' lang='lat' dir='ltr'><strong><em>eqoo</em></strong></span> <span class='ocrx_word' id='word_1_90' title='bbox 1110 1776 1233 1846; x_wconf 86' lang='lat' dir='ltr'><strong><em>citato</em></strong></span> <span class='ocrx_word' id='word_1_91' title='bbox 1263 1778 1446 1848; x_wconf 75' lang='lat' dir='ltr'><em>avolavit.</em></span> <span class='ocrx_word' id='word_1_92' title='bbox 1513 1783 1645 1852; x_wconf 83' lang='lat' dir='ltr'><strong><em>Panlo</em></strong></span> <span class='ocrx_word' id='word_1_93' title='bbox 1666 1797 1763 1877; x_wconf 85' lang='lat' dir='ltr'><strong><em>post</em></strong></span> 
     </span>
     <span class='ocr_line' id='line_1_11' title="bbox 143 1907 1763 2010; baseline 0.001 -30"><span class='ocrx_word' id='word_1_94' title='bbox 143 1911 254 2002; x_wconf 76' lang='lat' dir='ltr'><strong><em>filins</em></strong></span> <span class='ocrx_word' id='word_1_95' title='bbox 273 1911 383 1980; x_wconf 82' lang='lat' dir='ltr'><strong><em>illios</em></strong></span> <span class='ocrx_word' id='word_1_96' title='bbox 403 1909 581 1980; x_wconf 82' lang='lat' dir='ltr'><strong><em>Tbordns</em></strong></span> <span class='ocrx_word' id='word_1_97' title='bbox 595 1907 743 2000; x_wconf 83' lang='lat' dir='ltr'><strong><em>Lagus,</em></strong></span> <span class='ocrx_word' id='word_1_98' title='bbox 767 1930 856 2004; x_wconf 80' lang='lat' dir='ltr'><strong><em>eqvo</em></strong></span> <span class='ocrx_word' id='word_1_99' title='bbox 874 1908 938 1978; x_wconf 84' lang='lat' dir='ltr'><strong><em>illi</em></strong></span> <span class='ocrx_word' id='word_1_100' title='bbox 952 1907 1124 2001; x_wconf 82' lang='lat' dir='ltr'><strong><em>propius</em></strong></span> <span class='ocrx_word' id='word_1_101' title='bbox 1137 1920 1277 1997; x_wconf 78' lang='lat' dir='ltr'><strong><em>vectus,</em></strong></span> <span class='ocrx_word' id='word_1_102' title='bbox 1309 1907 1367 1979; x_wconf 89' lang='lat' dir='ltr'><strong><em>ita</em></strong></span> <span class='ocrx_word' id='word_1_103' title='bbox 1386 1910 1557 1981; x_wconf 83' lang='lat' dir='ltr'><strong><em>locutus:</em></strong></span> <span class='ocrx_word' id='word_1_104' title='bbox 1584 1915 1674 2010; x_wconf 77' lang='lat' dir='ltr'><strong><em>qvid</em></strong></span> <span class='ocrx_word' id='word_1_105' title='bbox 1690 1915 1763 1986; x_wconf 80' lang='lat' dir='ltr'><strong><em>boc</em></strong></span> 
     </span>
     <span class='ocr_line' id='line_1_12' title="bbox 150 2035 1763 2136; baseline 0.002 -24"><span class='ocrx_word' id='word_1_106' title='bbox 150 2042 286 2136; x_wconf 79' lang='lat' dir='ltr'><strong><em>inqrit,</em></strong></span> <span class='ocrx_word' id='word_1_107' title='bbox 307 2043 454 2136; x_wconf 86' lang='lat' dir='ltr'><strong><em>pater!</em></strong></span> <span class='ocrx_word' id='word_1_108' title='bbox 478 2041 535 2110; x_wconf 90' lang='lat' dir='ltr'><strong><em>rei</em></strong></span> <span class='ocrx_word' id='word_1_109' title='bbox 550 2035 636 2110; x_wconf 84' lang='lat' dir='ltr'><strong><em>est?</em></strong></span> <span class='ocrx_word' id='word_1_110' title='bbox 659 2049 898 2132; x_wconf 71' lang='lat' dir='ltr'><strong><em>quapropter</em></strong></span> <span class='ocrx_word' id='word_1_111' title='bbox 912 2037 1111 2131; x_wconf 83' lang='lat' dir='ltr'><strong><em>lacrymas</em></strong></span> <span class='ocrx_word' id='word_1_112' title='bbox 1124 2035 1322 2132; x_wconf 83' lang='lat' dir='ltr'><strong><em>effundis?</em></strong></span> <span class='ocrx_word' id='word_1_113' title='bbox 1346 2039 1487 2110; x_wconf 86' lang='lat' dir='ltr'><strong><em>Gestns</em></strong></span> <span class='ocrx_word' id='word_1_114' title='bbox 1503 2043 1624 2114; x_wconf 82' lang='lat' dir='ltr'><em>dixit:</em></span> <span class='ocrx_word' id='word_1_115' title='bbox 1652 2046 1763 2115; x_wconf 82' lang='lat' dir='ltr'><strong><em>baud</em></strong></span> 
     </span>
     <span class='ocr_line' id='line_1_13' title="bbox 147 2143 1762 2270; baseline -0.001 -24"><span class='ocrx_word' id='word_1_116' title='bbox 147 2186 205 2246; x_wconf 86' lang='lat' dir='ltr'><strong><em>est</em></strong></span> <span class='ocrx_word' id='word_1_117' title='bbox 222 2143 480 2246; x_wconf 74' lang='lat' dir='ltr'><strong><em>necessariam</em></strong></span> <span class='ocrx_word' id='word_1_118' title='bbox 495 2169 629 2260; x_wconf 73' lang='lat' dir='ltr'><strong><em>utboc</em></strong></span> <span class='ocrx_word' id='word_1_119' title='bbox 643 2170 820 2264; x_wconf 80' lang='lat' dir='ltr'><strong><em>eloqear&#39;,</em></strong></span> <span class='ocrx_word' id='word_1_120' title='bbox 847 2191 978 2239; x_wconf 79' lang='lat' dir='ltr'><strong><em>verum</em></strong></span> <span class='ocrx_word' id='word_1_121' title='bbox 996 2179 1124 2238; x_wconf 85' lang='lat' dir='ltr'><strong><em>tamen</em></strong></span> <span class='ocrx_word' id='word_1_122' title='bbox 1141 2193 1220 2239; x_wconf 90' lang='lat' dir='ltr'><strong><em>non</em></strong></span> <span class='ocrx_word' id='word_1_123' title='bbox 1229 2193 1393 2263; x_wconf 84' lang='lat' dir='ltr'><strong><em>possam</em></strong></span> <span class='ocrx_word' id='word_1_124' title='bbox 1411 2172 1570 2242; x_wconf 84' lang='lat' dir='ltr'><strong><em>reticere</em></strong></span> <span class='ocrx_word' id='word_1_125' title='bbox 1588 2176 1639 2258; x_wconf 91' lang='lat' dir='ltr'><strong><em>id,</em></strong></span> <span class='ocrx_word' id='word_1_126' title='bbox 1665 2178 1762 2270; x_wconf 78' lang='lat' dir='ltr'><strong><em>qvod</em></strong></span> 
     </span>
     <span class='ocr_line' id='line_1_14' title="bbox 146 2298 1758 2397; baseline 0 -23"><span class='ocrx_word' id='word_1_127' title='bbox 146 2318 221 2375; x_wconf 86' lang='lat' dir='ltr'><strong><em>tua</em></strong></span> <span class='ocrx_word' id='word_1_128' title='bbox 243 2316 361 2374; x_wconf 87' lang='lat' dir='ltr'><strong><em>oetate</em></strong></span> <span class='ocrx_word' id='word_1_129' title='bbox 379 2303 541 2391; x_wconf 77' lang='lat' dir='ltr'><strong><em>eveniet,</em></strong></span> <span class='ocrx_word' id='word_1_130' title='bbox 566 2325 635 2373; x_wconf 87' lang='lat' dir='ltr'><strong><em>nec</em></strong></span> <span class='ocrx_word' id='word_1_131' title='bbox 650 2299 748 2370; x_wconf 83' lang='lat' dir='ltr'><strong><em>mibi</em></strong></span> <span class='ocrx_word' id='word_1_132' title='bbox 765 2299 840 2370; x_wconf 86' lang='lat' dir='ltr'><strong><em>erit</em></strong></span> <span class='ocrx_word' id='word_1_133' title='bbox 856 2298 1162 2393; x_wconf 77' lang='lat' dir='ltr'><strong><em>inexpectatum,</em></strong></span> <span class='ocrx_word' id='word_1_134' title='bbox 1189 2299 1391 2370; x_wconf 82' lang='lat' dir='ltr'><strong><em>eiBollins</em></strong></span> <span class='ocrx_word' id='word_1_135' title='bbox 1411 2303 1502 2372; x_wconf 87' lang='lat' dir='ltr'><strong><em>olim</em></strong></span> <span class='ocrx_word' id='word_1_136' title='bbox 1518 2305 1758 2397; x_wconf 82' lang='lat' dir='ltr'><strong><em>Kjartannm</em></strong></span> 
     </span>
     <span class='ocr_line' id='line_1_15' title="bbox 143 2400 1759 2530; baseline 0.002 -26"><span class='ocrx_word' id='word_1_137' title='bbox 143 2400 372 2525; x_wconf 79' lang='lat' dir='ltr'><strong><em>interficiet,</em></strong></span> <span class='ocrx_word' id='word_1_138' title='bbox 407 2447 556 2530; x_wconf 82' lang='lat' dir='ltr'><strong><em>tumqoe</em></strong></span> <span class='ocrx_word' id='word_1_139' title='bbox 578 2433 698 2504; x_wconf 88' lang='lat' dir='ltr'><strong><em>etiam</em></strong></span> <span class='ocrx_word' id='word_1_140' title='bbox 719 2455 790 2502; x_wconf 82' lang='lat' dir='ltr'><strong><em>eno</em></strong></span> <span class='ocrx_word' id='word_1_141' title='bbox 806 2431 933 2525; x_wconf 87' lang='lat' dir='ltr'><strong><em>capiti</em></strong></span> <span class='ocrx_word' id='word_1_142' title='bbox 948 2432 1167 2524; x_wconf 82' lang='lat' dir='ltr'><strong><em>periculam</em></strong></span> <span class='ocrx_word' id='word_1_143' title='bbox 1186 2431 1401 2520; x_wconf 78' lang='lat' dir='ltr'><strong><em>contrahet,</em></strong></span> <span class='ocrx_word' id='word_1_144' title='bbox 1430 2428 1467 2504; x_wconf 78' lang='lat' dir='ltr'><strong><em>bt</em></strong></span> <span class='ocrx_word' id='word_1_145' title='bbox 1482 2457 1576 2503; x_wconf 82' lang='lat' dir='ltr'><strong><em>sane</em></strong></span> <span class='ocrx_word' id='word_1_146' title='bbox 1594 2437 1695 2504; x_wconf 84' lang='lat' dir='ltr'><strong><em>tatio</em></strong></span> <span class='ocrx_word' id='word_1_147' title='bbox 1712 2439 1759 2508; x_wconf 83' lang='lat' dir='ltr'><strong><em>de</em></strong></span> 
     </span>
     <span class='ocr_line' id='line_1_16' title="bbox 144 2561 1758 2658; baseline 0.003 -24"><span class='ocrx_word' id='word_1_148' title='bbox 144 2578 231 2635; x_wconf 83' lang='lat' dir='ltr'><strong><em>tam</em></strong></span> <span class='ocrx_word' id='word_1_149' title='bbox 254 2565 542 2658; x_wconf 79' lang='lat' dir='ltr'><strong><em>praetantibas</em></strong></span> <span class='ocrx_word' id='word_1_150' title='bbox 565 2566 661 2637; x_wconf 80' lang='lat' dir='ltr'><strong><em>viris</em></strong></span> <span class='ocrx_word' id='word_1_151' title='bbox 683 2563 783 2634; x_wconf 84' lang='lat' dir='ltr'><strong><em>scire</em></strong></span> <span class='ocrx_word' id='word_1_152' title='bbox 804 2562 973 2634; x_wconf 74' lang='lat' dir='ltr'><strong><em>maxime</em></strong></span> <span class='ocrx_word' id='word_1_153' title='bbox 1003 2561 1314 2657; x_wconf 62' lang='lat' dir='ltr'><strong><em>abhorrendam</em></strong></span> <span class='ocrx_word' id='word_1_154' title='bbox 1362 2563 1500 2638; x_wconf 89' lang='lat' dir='ltr'><strong><em>deinde</em></strong></span> <span class='ocrx_word' id='word_1_155' title='bbox 1519 2568 1576 2638; x_wconf 92' lang='lat' dir='ltr'><strong><em>ad</em></strong></span> <span class='ocrx_word' id='word_1_156' title='bbox 1598 2569 1758 2640; x_wconf 88' lang='lat' dir='ltr'><strong><em>comitia</em></strong></span> 
     </span>
     <span class='ocr_line' id='line_1_17' title="bbox 138 2689 1324 2796; baseline -0.005 -26"><span class='ocrx_word' id='word_1_157' title='bbox 138 2697 305 2794; x_wconf 85' lang='lat' dir='ltr'><strong><em>publica</em></strong></span> <span class='ocrx_word' id='word_1_158' title='bbox 323 2700 442 2790; x_wconf 76' lang='lat' dir='ltr'><strong><em>vecti3</em></strong></span> <span class='ocrx_word' id='word_1_159' title='bbox 463 2721 539 2796; x_wconf 85' lang='lat' dir='ltr'><strong><em>per</em></strong></span> <span class='ocrx_word' id='word_1_160' title='bbox 556 2697 799 2770; x_wconf 83' lang='lat' dir='ltr'><strong><em>comitiorum</em></strong></span> <span class='ocrx_word' id='word_1_161' title='bbox 816 2708 967 2790; x_wconf 84' lang='lat' dir='ltr'><strong><em>tempas</em></strong></span> <span class='ocrx_word' id='word_1_162' title='bbox 987 2691 1113 2790; x_wconf 74' lang='lat' dir='ltr'><strong><em>qvieta&#39;</em></strong></span> <span class='ocrx_word' id='word_1_163' title='bbox 1132 2695 1273 2766; x_wconf 85' lang='lat' dir='ltr'><strong><em>omnia.</em></strong></span> <span class='ocrx_word' id='word_1_164' title='bbox 1321 2689 1324 2697; x_wconf 61' lang='grc'><em>“</em></span> 
     </span>
    </p>
   </div>
   <div class='ocr_carea' id='block_1_3' title="bbox 753 2876 1141 2986">
    <p class='ocr_par' dir='ltr' id='par_1_3' title="bbox 753 2876 1141 2986">
     <span class='ocr_line' id='line_1_18' title="bbox 753 2876 1141 2986; baseline -0.003 -1"><span class='ocrx_word' id='word_1_165' title='bbox 753 2897 883 2986; x_wconf 78' lang='lat' dir='ltr'><strong><em>cAP.</em></strong></span> <span class='ocrx_word' id='word_1_166' title='bbox 921 2876 1141 2985; x_wconf 69' lang='lat' dir='ltr'><strong>xxxlv.</strong></span> 
     </span>
    </p>
   </div>
   <div class='ocr_carea' id='block_1_4' title="bbox 131 3057 1756 3718">
    <p class='ocr_par' dir='ltr' id='par_1_4' title="bbox 131 3057 1756 3718">
     <span class='ocr_line' id='line_1_19' title="bbox 351 3057 1756 3192; baseline 0.005 -32"><span class='ocrx_word' id='word_1_167' title='bbox 351 3057 605 3164; x_wconf 75' lang='lat' dir='ltr'><strong><em>Tharratdas</em></strong></span> <span class='ocrx_word' id='word_1_168' title='bbox 625 3101 712 3160; x_wconf 84' lang='lat' dir='ltr'><strong><em>erat</em></strong></span> <span class='ocrx_word' id='word_1_169' title='bbox 728 3113 864 3192; x_wconf 83' lang='lat' dir='ltr'><strong><em>nomen</em></strong></span> <span class='ocrx_word' id='word_1_170' title='bbox 881 3089 977 3162; x_wconf 79' lang='lat' dir='ltr'><strong><em>viro.</em></strong></span> <span class='ocrx_word' id='word_1_171' title='bbox 1027 3089 1157 3159; x_wconf 82' lang='lat' dir='ltr'><strong><em>Filius</em></strong></span> <span class='ocrx_word' id='word_1_172' title='bbox 1173 3091 1241 3161; x_wconf 85' lang='lat' dir='ltr'><strong><em>ille</em></strong></span> <span class='ocrx_word' id='word_1_173' title='bbox 1256 3105 1343 3162; x_wconf 89' lang='lat' dir='ltr'><strong><em>erat</em></strong></span> <span class='ocrx_word' id='word_1_174' title='bbox 1368 3094 1566 3166; x_wconf 84' lang='lat' dir='ltr'><strong><em>Heldoris</em></strong></span> <span class='ocrx_word' id='word_1_175' title='bbox 1586 3098 1756 3190; x_wconf 85' lang='lat' dir='ltr'><strong><em>pontifi-</em></strong></span> 
     </span>
     <span class='ocr_line' id='line_1_20' title="bbox 141 3219 1756 3321; baseline -0.002 -21"><span class='ocrx_word' id='word_1_176' title='bbox 141 3228 198 3300; x_wconf 88' lang='lat' dir='ltr'><strong><em>cis</em></strong></span> <span class='ocrx_word' id='word_1_177' title='bbox 211 3219 562 3321; x_wconf 83' lang='lat' dir='ltr'><strong><em>garpsdalensis&amp;</em></strong></span> <span class='ocrx_word' id='word_1_178' title='bbox 574 3221 796 3318; x_wconf 88' lang='lat' dir='ltr'><strong><em>Garpsdali</em></strong></span> <span class='ocrx_word' id='word_1_179' title='bbox 808 3223 848 3291; x_wconf 91' lang='lat' dir='ltr'><strong><em>in</em></strong></span> <span class='ocrx_word' id='word_1_180' title='bbox 867 3219 1084 3313; x_wconf 82' lang='lat' dir='ltr'><strong><em>Gilssjbrdo</em></strong></span> <span class='ocrx_word' id='word_1_181' title='bbox 1102 3219 1321 3292; x_wconf 74' lang='lat' dir='ltr'><strong><em>habitabat.</em></strong></span> <span class='ocrx_word' id='word_1_182' title='bbox 1353 3222 1472 3294; x_wconf 80' lang='lat' dir='ltr'><strong><em>Dives</em></strong></span> <span class='ocrx_word' id='word_1_183' title='bbox 1491 3225 1559 3296; x_wconf 88' lang='lat' dir='ltr'><strong><em>ille</em></strong></span> <span class='ocrx_word' id='word_1_184' title='bbox 1575 3230 1644 3316; x_wconf 81' lang='lat' dir='ltr'><strong><em>vir,</em></strong></span> <span class='ocrx_word' id='word_1_185' title='bbox 1671 3229 1756 3300; x_wconf 83' lang='lat' dir='ltr'><strong><em>oir-</em></strong></span> 
     </span>
     <span class='ocr_line' id='line_1_21' title="bbox 141 3339 1756 3450; baseline 0.001 -19"><span class='ocrx_word' id='word_1_186' title='bbox 141 3371 226 3432; x_wconf 85' lang='lat' dir='ltr'><strong><em>tnte</em></strong></span> <span class='ocrx_word' id='word_1_187' title='bbox 248 3380 337 3430; x_wconf 82' lang='lat' dir='ltr'><strong><em>vero</em></strong></span> <span class='ocrx_word' id='word_1_188' title='bbox 353 3378 503 3450; x_wconf 87' lang='lat' dir='ltr'><strong><em>parum</em></strong></span> <span class='ocrx_word' id='word_1_189' title='bbox 524 3355 765 3448; x_wconf 78' lang='lat' dir='ltr'><strong><em>praeallens.</em></strong></span> <span class='ocrx_word' id='word_1_190' title='bbox 823 3355 901 3423; x_wconf 86' lang='lat' dir='ltr'><strong><em>Ille</em></strong></span> <span class='ocrx_word' id='word_1_191' title='bbox 925 3339 966 3422; x_wconf 81' lang='lat' dir='ltr'><strong><em>ia</em></strong></span> <span class='ocrx_word' id='word_1_192' title='bbox 992 3353 1157 3424; x_wconf 82' lang='lat' dir='ltr'><strong><em>comitiis</em></strong></span> <span class='ocrx_word' id='word_1_193' title='bbox 1178 3353 1353 3446; x_wconf 82' lang='lat' dir='ltr'><strong><em>publicis</em></strong></span> <span class='ocrx_word' id='word_1_194' title='bbox 1381 3357 1613 3428; x_wconf 82' lang='lat' dir='ltr'><strong><em>Gadraaam</em></strong></span> <span class='ocrx_word' id='word_1_195' title='bbox 1637 3357 1756 3450; x_wconf 71' lang='lat' dir='ltr'><strong><em>Osvifi</em></strong></span> 
     </span>
     <span class='ocr_line' id='line_1_22' title="bbox 131 3467 1754 3584; baseline -0.001 -22"><span class='ocrx_word' id='word_1_196' title='bbox 131 3491 267 3584; x_wconf 84' lang='lat' dir='ltr'><strong><em>filiam</em></strong></span> <span class='ocrx_word' id='word_1_197' title='bbox 288 3510 446 3559; x_wconf 80' lang='lat' dir='ltr'><strong><em>uxorem</em></strong></span> <span class='ocrx_word' id='word_1_198' title='bbox 465 3485 540 3556; x_wconf 86' lang='lat' dir='ltr'><strong><em>sibi</em></strong></span> <span class='ocrx_word' id='word_1_199' title='bbox 551 3483 693 3580; x_wconf 85' lang='lat' dir='ltr'><strong><em>petiit,</em></strong></span> <span class='ocrx_word' id='word_1_200' title='bbox 729 3467 809 3555; x_wconf 68' lang='lat' dir='ltr'><strong><em>tram</em></strong></span> <span class='ocrx_word' id='word_1_201' title='bbox 832 3485 907 3554; x_wconf 86' lang='lat' dir='ltr'><strong><em>illa</em></strong></span> <span class='ocrx_word' id='word_1_202' title='bbox 922 3486 1010 3557; x_wconf 81' lang='lat' dir='ltr'><strong><em>XV</em></strong></span> <span class='ocrx_word' id='word_1_203' title='bbox 1019 3496 1107 3554; x_wconf 86' lang='lat' dir='ltr'><strong><em>erat</em></strong></span> <span class='ocrx_word' id='word_1_204' title='bbox 1123 3509 1249 3554; x_wconf 83' lang='lat' dir='ltr'><strong><em>annas</em></strong></span> <span class='ocrx_word' id='word_1_205' title='bbox 1266 3497 1383 3574; x_wconf 83' lang='lat' dir='ltr'><strong><em>nato,</em></strong></span> <span class='ocrx_word' id='word_1_206' title='bbox 1404 3490 1559 3580; x_wconf 72' lang='lat' dir='ltr'><strong><em>petenti-</em></strong></span> <span class='ocrx_word' id='word_1_207' title='bbox 1575 3490 1669 3560; x_wconf 82' lang='lat' dir='ltr'><strong><em>tceta</em></strong></span> <span class='ocrx_word' id='word_1_208' title='bbox 1688 3514 1754 3561; x_wconf 90' lang='lat' dir='ltr'><strong><em>re·-</em></strong></span> 
     </span>
     <span class='ocr_line' id='line_1_23' title="bbox 142 3615 1754 3718; baseline 0 -26"><span class='ocrx_word' id='word_1_209' title='bbox 142 3645 289 3718; x_wconf 85' lang='lat' dir='ltr'><strong><em>sponea</em></strong></span> <span class='ocrx_word' id='word_1_210' title='bbox 307 3617 485 3708; x_wconf 84' lang='lat' dir='ltr'><strong><em>reddito,</em></strong></span> <span class='ocrx_word' id='word_1_211' title='bbox 516 3628 779 3690; x_wconf 75' lang='lat' dir='ltr'><strong><em>cerumtamen</em></strong></span> <span class='ocrx_word' id='word_1_212' title='bbox 801 3615 903 3718; x_wconf 80' lang='lat' dir='ltr'><strong><em>dixit</em></strong></span> <span class='ocrx_word' id='word_1_213' title='bbox 925 3617 1090 3704; x_wconf 76' lang='lat' dir='ltr'><strong><em>Oseicus</em></strong></span> <span class='ocrx_word' id='word_1_214' title='bbox 1108 3617 1148 3686; x_wconf 90' lang='lat' dir='ltr'><strong><em>in</em></strong></span> <span class='ocrx_word' id='word_1_215' title='bbox 1159 3617 1295 3710; x_wconf 88' lang='lat' dir='ltr'><strong><em>pactis</em></strong></span> <span class='ocrx_word' id='word_1_216' title='bbox 1309 3619 1555 3691; x_wconf 82' lang='lat' dir='ltr'><strong><em>matrimonii</em></strong></span> <span class='ocrx_word' id='word_1_217' title='bbox 1579 3622 1754 3716; x_wconf 53' lang='lat' dir='ltr'><strong><em>inaqoass</em></strong></span> 
     </span>
    </p>
   </div>
   <div class='ocr_carea' id='block_1_5' title="bbox 135 3728 1754 4898">
    <p class='ocr_par' dir='ltr' id='par_1_5' title="bbox 135 3728 1754 4898">
     <span class='ocr_line' id='line_1_24' title="bbox 141 3728 1754 3856; baseline 0 -34"><span class='ocrx_word' id='word_1_218' title='bbox 141 3728 299 3822; x_wconf 82' lang='lat' dir='ltr'><strong><em>litatem</em></strong></span> <span class='ocrx_word' id='word_1_219' title='bbox 324 3750 527 3856; x_wconf 77' lang='lat' dir='ltr'><strong><em>conjugum</em></strong></span> <span class='ocrx_word' id='word_1_220' title='bbox 549 3743 801 3840; x_wconf 87' lang='lat' dir='ltr'><strong><em>manifestam</em></strong></span> <span class='ocrx_word' id='word_1_221' title='bbox 813 3747 919 3840; x_wconf 82' lang='lat' dir='ltr'><strong><em>fore.</em></strong></span> <span class='ocrx_word' id='word_1_222' title='bbox 983 3747 1248 3834; x_wconf 76' lang='lat' dir='ltr'><strong><em>Tborvaldns,</em></strong></span> <span class='ocrx_word' id='word_1_223' title='bbox 1282 3761 1326 3820; x_wconf 87' lang='lat' dir='ltr'><strong><em>nt</em></strong></span> <span class='ocrx_word' id='word_1_224' title='bbox 1356 3750 1419 3820; x_wconf 85' lang='lat' dir='ltr'><strong><em>cni</em></strong></span> <span class='ocrx_word' id='word_1_225' title='bbox 1449 3753 1510 3822; x_wconf 86' lang='lat' dir='ltr'><strong><em>nil</em></strong></span> <span class='ocrx_word' id='word_1_226' title='bbox 1537 3765 1754 3848; x_wconf 74' lang='lat' dir='ltr'><strong><em>superesset</em></strong></span> 
     </span>
     <span class='ocr_line' id='line_1_25' title="bbox 140 3879 1752 3987; baseline 0 -33"><span class='ocrx_word' id='word_1_227' title='bbox 140 3879 269 3954; x_wconf 84' lang='lat' dir='ltr'><strong><em>animi</em></strong></span> <span class='ocrx_word' id='word_1_228' title='bbox 276 3881 481 3973; x_wconf 84' lang='lat' dir='ltr'><strong><em>fortioris,</em></strong></span> <span class='ocrx_word' id='word_1_229' title='bbox 514 3903 739 3970; x_wconf 67' lang='lat' dir='ltr'><strong><em>eandorem,</em></strong></span> <span class='ocrx_word' id='word_1_230' title='bbox 773 3903 852 3953; x_wconf 89' lang='lat' dir='ltr'><strong><em>non</em></strong></span> <span class='ocrx_word' id='word_1_231' title='bbox 864 3880 1074 3972; x_wconf 82' lang='lat' dir='ltr'><strong><em>pecaniam</em></strong></span> <span class='ocrx_word' id='word_1_232' title='bbox 1090 3893 1223 3974; x_wconf 87' lang='lat' dir='ltr'><strong><em>petere</em></strong></span> <span class='ocrx_word' id='word_1_233' title='bbox 1243 3880 1464 3974; x_wconf 84' lang='lat' dir='ltr'><strong><em>affirmavit.</em></strong></span> <span class='ocrx_word' id='word_1_234' title='bbox 1523 3884 1618 3987; x_wconf 83' lang='lat' dir='ltr'><strong><em>Tum</em></strong></span> <span class='ocrx_word' id='word_1_235' title='bbox 1638 3885 1752 3958; x_wconf 82' lang='lat' dir='ltr'><strong><em>Gud-</em></strong></span> 
     </span>
     <span class='ocr_line' id='line_1_26' title="bbox 143 3997 1753 4108; baseline -0.001 -24"><span class='ocrx_word' id='word_1_236' title='bbox 143 4036 248 4085; x_wconf 85' lang='lat' dir='ltr'><strong><em>runa</em></strong></span> <span class='ocrx_word' id='word_1_237' title='bbox 276 4014 312 4085; x_wconf 86' lang='lat' dir='ltr'><em>T</em></span> <span class='ocrx_word' id='word_1_238' title='bbox 307 4012 496 4086; x_wconf 76' lang='lat' dir='ltr'><strong><em>borealdo</em></strong></span> <span class='ocrx_word' id='word_1_239' title='bbox 522 4014 781 4108; x_wconf 82' lang='lat' dir='ltr'><strong><em>desponsata,</em></strong></span> <span class='ocrx_word' id='word_1_240' title='bbox 817 4012 900 4079; x_wconf 85' lang='lat' dir='ltr'><strong><em>solo</em></strong></span> <span class='ocrx_word' id='word_1_241' title='bbox 924 3997 1059 4082; x_wconf 69' lang='lat' dir='ltr'><strong><em>Osvioo</em></strong></span> <span class='ocrx_word' id='word_1_242' title='bbox 1079 4023 1203 4104; x_wconf 88' lang='lat' dir='ltr'><strong><em>pacta</em></strong></span> <span class='ocrx_word' id='word_1_243' title='bbox 1226 4012 1543 4084; x_wconf 83' lang='lat' dir='ltr'><strong><em>matrimonialia</em></strong></span> <span class='ocrx_word' id='word_1_244' title='bbox 1559 4017 1753 4108; x_wconf 78' lang='lat' dir='ltr'><strong><em>prascri-</em></strong></span> 
     </span>
     <span class='ocr_line' id='line_1_27' title="bbox 143 4140 1752 4239; baseline 0.001 -25"><span class='ocrx_word' id='word_1_245' title='bbox 143 4143 262 4216; x_wconf 85' lang='lat' dir='ltr'><strong><em>bente.</em></strong></span> <span class='ocrx_word' id='word_1_246' title='bbox 314 4147 383 4216; x_wconf 89' lang='lat' dir='ltr'><strong><em>Ita</em></strong></span> <span class='ocrx_word' id='word_1_247' title='bbox 403 4167 493 4216; x_wconf 77' lang='lat' dir='ltr'><strong><em>cero</em></strong></span> <span class='ocrx_word' id='word_1_248' title='bbox 511 4157 694 4239; x_wconf 88' lang='lat' dir='ltr'><strong><em>pactum,</em></strong></span> <span class='ocrx_word' id='word_1_249' title='bbox 722 4153 767 4212; x_wconf 83' lang='lat' dir='ltr'><strong><em>nt</em></strong></span> <span class='ocrx_word' id='word_1_250' title='bbox 786 4141 988 4212; x_wconf 83' lang='lat' dir='ltr'><strong><em>Gndrunoe</em></strong></span> <span class='ocrx_word' id='word_1_251' title='bbox 1012 4140 1106 4228; x_wconf 89' lang='lat' dir='ltr'><strong><em>soli,</em></strong></span> <span class='ocrx_word' id='word_1_252' title='bbox 1129 4154 1337 4235; x_wconf 80' lang='lat' dir='ltr'><strong><em>postqvam</em></strong></span> <span class='ocrx_word' id='word_1_253' title='bbox 1362 4167 1447 4212; x_wconf 86' lang='lat' dir='ltr'><strong><em>cnm</em></strong></span> <span class='ocrx_word' id='word_1_254' title='bbox 1467 4143 1686 4215; x_wconf 82' lang='lat' dir='ltr'><strong><em>Tborvoldo</em></strong></span> <span class='ocrx_word' id='word_1_255' title='bbox 1711 4145 1752 4215; x_wconf 90' lang='lat' dir='ltr'><strong><em>in</em></strong></span> 
     </span>
     <span class='ocr_line' id='line_1_28' title="bbox 142 4271 1752 4370; baseline -0.001 -20"><span class='ocrx_word' id='word_1_256' title='bbox 142 4279 271 4350; x_wconf 88' lang='lat' dir='ltr'><strong><em>eodem</em></strong></span> <span class='ocrx_word' id='word_1_257' title='bbox 280 4278 379 4350; x_wconf 90' lang='lat' dir='ltr'><strong><em>lecto</em></strong></span> <span class='ocrx_word' id='word_1_258' title='bbox 389 4274 623 4362; x_wconf 79' lang='lat' dir='ltr'><strong><em>decubuerit,</em></strong></span> <span class='ocrx_word' id='word_1_259' title='bbox 634 4275 801 4346; x_wconf 82' lang='lat' dir='ltr'><strong><em>omnium</em></strong></span> <span class='ocrx_word' id='word_1_260' title='bbox 812 4296 927 4367; x_wconf 83' lang='lat' dir='ltr'><strong><em>opum</em></strong></span> <span class='ocrx_word' id='word_1_261' title='bbox 938 4271 1099 4344; x_wconf 85' lang='lat' dir='ltr'><strong><em>liberum</em></strong></span> <span class='ocrx_word' id='word_1_262' title='bbox 1109 4272 1318 4343; x_wconf 82' lang='lat' dir='ltr'><strong><em>arbitrium</em></strong></span> <span class='ocrx_word' id='word_1_263' title='bbox 1328 4274 1752 4370; x_wconf 59' lang='lat' dir='ltr'><strong><em>essetsimutqveotdi-</em></strong></span> 
     </span>
     <span class='ocr_line' id='line_1_29' title="bbox 142 4373 1752 4508; baseline 0.002 -31"><span class='ocrx_word' id='word_1_264' title='bbox 142 4409 265 4480; x_wconf 89' lang='lat' dir='ltr'><strong><em>midia</em></strong></span> <span class='ocrx_word' id='word_1_265' title='bbox 283 4435 400 4506; x_wconf 84' lang='lat' dir='ltr'><strong><em>opum</em></strong></span> <span class='ocrx_word' id='word_1_266' title='bbox 409 4433 513 4508; x_wconf 86' lang='lat' dir='ltr'><strong><em>pars</em></strong></span> <span class='ocrx_word' id='word_1_267' title='bbox 526 4411 583 4480; x_wconf 90' lang='lat' dir='ltr'><strong><em>ad</em></strong></span> <span class='ocrx_word' id='word_1_268' title='bbox 600 4407 713 4477; x_wconf 83' lang='lat' dir='ltr'><strong><em>illam</em></strong></span> <span class='ocrx_word' id='word_1_269' title='bbox 727 4405 939 4493; x_wconf 81' lang='lat' dir='ltr'><strong><em>deveniret,</em></strong></span> <span class='ocrx_word' id='word_1_270' title='bbox 970 4404 1050 4477; x_wconf 77' lang='lat' dir='ltr'><strong><em>sive</em></strong></span> <span class='ocrx_word' id='word_1_271' title='bbox 1065 4373 1143 4497; x_wconf 72' lang='lat' dir='ltr'><strong><em>per</em></strong></span> <span class='ocrx_word' id='word_1_272' title='bbox 1162 4405 1317 4499; x_wconf 81' lang='lat' dir='ltr'><strong><em>longius</em></strong></span> <span class='ocrx_word' id='word_1_273' title='bbox 1337 4405 1413 4476; x_wconf 79' lang='lat' dir='ltr'><strong><em>sive</em></strong></span> <span class='ocrx_word' id='word_1_274' title='bbox 1431 4405 1579 4477; x_wconf 80' lang='lat' dir='ltr'><strong><em>brevius</em></strong></span> <span class='ocrx_word' id='word_1_275' title='bbox 1601 4420 1752 4506; x_wconf 86' lang='lat' dir='ltr'><strong><em>tempus</em></strong></span> 
     </span>
     <span class='ocr_line' id='line_1_30' title="bbox 135 4537 1752 4641; baseline -0.001 -31"><span class='ocrx_word' id='word_1_276' title='bbox 135 4539 276 4630; x_wconf 84' lang='lat' dir='ltr'><strong><em>forent</em></strong></span> <span class='ocrx_word' id='word_1_277' title='bbox 285 4543 491 4641; x_wconf 83' lang='lat' dir='ltr'><strong><em>conjuncti,</em></strong></span> <span class='ocrx_word' id='word_1_278' title='bbox 507 4553 690 4636; x_wconf 78' lang='lat' dir='ltr'><strong><em>tantaqve</em></strong></span> <span class='ocrx_word' id='word_1_279' title='bbox 704 4537 948 4610; x_wconf 63' lang='lat' dir='ltr'><strong><em>wervaldus</em></strong></span> <span class='ocrx_word' id='word_1_280' title='bbox 971 4538 1034 4606; x_wconf 82' lang='lat' dir='ltr'><strong><em>illi</em></strong></span> <span class='ocrx_word' id='word_1_281' title='bbox 1050 4537 1227 4630; x_wconf 86' lang='lat' dir='ltr'><strong><em>pretiosa</em></strong></span> <span class='ocrx_word' id='word_1_282' title='bbox 1246 4537 1477 4633; x_wconf 83' lang='lat' dir='ltr'><strong><em>adqvireret,</em></strong></span> <span class='ocrx_word' id='word_1_283' title='bbox 1495 4553 1639 4634; x_wconf 65' lang='lat' dir='ltr'><strong><em>quanta</em></strong></span> <span class='ocrx_word' id='word_1_284' title='bbox 1649 4543 1752 4612; x_wconf 83' lang='lat' dir='ltr'><strong><em>nulli</em></strong></span> 
     </span>
     <span class='ocr_line' id='line_1_31' title="bbox 144 4668 1752 4770; baseline 0 -28"><span class='ocrx_word' id='word_1_285' title='bbox 144 4688 242 4744; x_wconf 84' lang='lat' dir='ltr'><strong><em>esset</em></strong></span> <span class='ocrx_word' id='word_1_286' title='bbox 257 4679 371 4750; x_wconf 81' lang='lat' dir='ltr'><strong><em>uxori</em></strong></span> <span class='ocrx_word' id='word_1_287' title='bbox 388 4677 499 4748; x_wconf 80' lang='lat' dir='ltr'><strong><em>hand</em></strong></span> <span class='ocrx_word' id='word_1_288' title='bbox 514 4671 770 4770; x_wconf 81' lang='lat' dir='ltr'><strong><em>opulentiori,</em></strong></span> <span class='ocrx_word' id='word_1_289' title='bbox 794 4673 862 4740; x_wconf 84' lang='lat' dir='ltr'><strong><em>sed</em></strong></span> <span class='ocrx_word' id='word_1_290' title='bbox 882 4682 1009 4743; x_wconf 85' lang='lat' dir='ltr'><strong><em>tomen</em></strong></span> <span class='ocrx_word' id='word_1_291' title='bbox 1027 4693 1112 4738; x_wconf 84' lang='lat' dir='ltr'><strong><em>eam</em></strong></span> <span class='ocrx_word' id='word_1_292' title='bbox 1130 4668 1175 4740; x_wconf 93' lang='lat' dir='ltr'><strong><em>ob</em></strong></span> <span class='ocrx_word' id='word_1_293' title='bbox 1186 4691 1344 4740; x_wconf 84' lang='lat' dir='ltr'><strong><em>causam</em></strong></span> <span class='ocrx_word' id='word_1_294' title='bbox 1350 4668 1578 4759; x_wconf 84' lang='lat' dir='ltr'><strong><em>familiaris</em></strong></span> <span class='ocrx_word' id='word_1_295' title='bbox 1594 4695 1656 4742; x_wconf 89' lang='lat' dir='ltr'><strong><em>res</em></strong></span> <span class='ocrx_word' id='word_1_296' title='bbox 1665 4672 1752 4742; x_wconf 87' lang='lat' dir='ltr'><strong><em>sal-</em></strong></span> 
     </span>
     <span class='ocr_line' id='line_1_32' title="bbox 143 4799 1751 4898; baseline -0.003 -22"><span class='ocrx_word' id='word_1_297' title='bbox 143 4827 191 4876; x_wconf 77' lang='grc' dir='ltr'><strong><em>να</em></strong></span> <span class='ocrx_word' id='word_1_298' title='bbox 201 4807 322 4898; x_wconf 89' lang='lat' dir='ltr'><strong><em>soret.</em></strong></span> <span class='ocrx_word' id='word_1_299' title='bbox 373 4809 464 4885; x_wconf 79' lang='lat' dir='ltr'><strong><em>dam</em></strong></span> <span class='ocrx_word' id='word_1_300' title='bbox 487 4835 507 4883; x_wconf 83' lang='lat' dir='ltr'><strong><em>e</em></strong></span> <span class='ocrx_word' id='word_1_301' title='bbox 528 4806 693 4880; x_wconf 85' lang='lat' dir='ltr'><strong><em>comitiis</em></strong></span> <span class='ocrx_word' id='word_1_302' title='bbox 708 4805 861 4877; x_wconf 85' lang='lat' dir='ltr'><strong><em>domum</em></strong></span> <span class='ocrx_word' id='word_1_303' title='bbox 878 4799 1078 4892; x_wconf 84' lang='lat' dir='ltr'><strong><em>redibant,</em></strong></span> <span class='ocrx_word' id='word_1_304' title='bbox 1114 4803 1283 4874; x_wconf 76' lang='lat' dir='ltr'><strong><em>necatio</em></strong></span> <span class='ocrx_word' id='word_1_305' title='bbox 1301 4801 1417 4898; x_wconf 76' lang='lat' dir='ltr'><strong><em>nujus</em></strong></span> <span class='ocrx_word' id='word_1_306' title='bbox 1438 4802 1495 4872; x_wconf 87' lang='lat' dir='ltr'><strong><em>rei</em></strong></span> <span class='ocrx_word' id='word_1_307' title='bbox 1512 4803 1568 4874; x_wconf 86' lang='lat' dir='ltr'><strong><em>ad</em></strong></span> <span class='ocrx_word' id='word_1_308' title='bbox 1587 4803 1751 4876; x_wconf 83' lang='lat' dir='ltr'><strong><em>Gudrn·</em></strong></span> 
     </span>
    </p>
   </div>
   <div class='ocr_carea' id='block_1_6' title="bbox 0 0 2310 5832">
    <p class='ocr_par' dir='ltr' id='par_1_6' title="bbox 0 0 2310 5832">
     <span class='ocr_line' id='line_1_33' title="bbox 0 0 2310 5832; baseline 0 6"><span class='ocrx_word' id='word_1_309' title='bbox 0 0 2310 5832; x_wconf 95' lang='lat' dir='ltr'><strong><em> </em></strong></span> 
     </span>
    </p>
   </div>
  </div>
 </body>
</html>
