<?xml version="1.0" encoding="UTF-8"?>
<!DOCTYPE html PUBLIC "-//W3C//DTD XHTML 1.0 Transitional//EN"
    "http://www.w3.org/TR/xhtml1/DTD/xhtml1-transitional.dtd">
<html xmlns="http://www.w3.org/1999/xhtml" xml:lang="en" lang="en">
 <head>
  <title>
</title>
<meta http-equiv="Content-Type" content="text/html;charset=utf-8" />
  <meta name='ocr-system' content='tesseract 3.04.00' />
  <meta name='ocr-capabilities' content='ocr_page ocr_carea ocr_par ocr_line ocrx_word'/>
</head>
<body>
  <div class='ocr_page' id='page_1' title='image "./laxdlasagasiveh00stifgoog_0308.png"; bbox 0 0 4590 5844; ppageno 0'>
   <div class='ocr_carea' id='block_1_1' title="bbox 857 469 1065 598">
    <p class='ocr_par' dir='ltr' id='par_1_1' title="bbox 857 469 1065 598">
     <span class='ocr_line' id='line_1_1' title="bbox 857 469 1065 598; baseline 0 -4"><span class='ocrx_word' id='word_1_1' title='bbox 857 469 1065 598; x_wconf 53' lang='lat' dir='ltr'><em>...ses</em></span> 
     </span>
    </p>
   </div>
   <div class='ocr_carea' id='block_1_2' title="bbox 115 717 1771 1478">
    <p class='ocr_par' dir='ltr' id='par_1_2' title="bbox 115 717 1771 1478">
     <span class='ocr_line' id='line_1_2' title="bbox 149 717 1770 820; baseline 0 -26"><span class='ocrx_word' id='word_1_2' title='bbox 149 721 296 820; x_wconf 81' lang='lat' dir='ltr'><em>gilsum</em></span> <span class='ocrx_word' id='word_1_3' title='bbox 316 741 526 818; x_wconf 85' lang='lat' dir='ltr'><em>aggressus</em></span> <span class='ocrx_word' id='word_1_4' title='bbox 544 743 630 793; x_wconf 87' lang='lat' dir='ltr'><em>sum</em></span> <span class='ocrx_word' id='word_1_5' title='bbox 653 717 780 792; x_wconf 84' lang='lat' dir='ltr'><em>securi</em></span> <span class='ocrx_word' id='word_1_6' title='bbox 793 717 917 814; x_wconf 83' lang='lat' dir='ltr'><em>feriit</em></span> <span class='ocrx_word' id='word_1_7' title='bbox 937 717 1174 818; x_wconf 78' lang='lat' dir='ltr'><em>mediumque</em></span> <span class='ocrx_word' id='word_1_8' title='bbox 1195 720 1356 810; x_wconf 87' lang='lat' dir='ltr'><em>dorsum</em></span> <span class='ocrx_word' id='word_1_9' title='bbox 1377 719 1525 796; x_wconf 76' lang='lat' dir='ltr'><em>divisit.</em></span> <span class='ocrx_word' id='word_1_10' title='bbox 1592 721 1770 796; x_wconf 75' lang='lat' dir='ltr'><em>Tiordus</em></span> 
     </span>
     <span class='ocr_line' id='line_1_3' title="bbox 154 849 1771 954; baseline -0.001 -26"><span class='ocrx_word' id='word_1_11' title='bbox 154 854 263 928; x_wconf 86' lang='lat' dir='ltr'><em>Felis</em></span> <span class='ocrx_word' id='word_1_12' title='bbox 282 852 530 954; x_wconf 74' lang='lat' dir='ltr'><em>propinquus</em></span> <span class='ocrx_word' id='word_1_13' title='bbox 545 851 713 925; x_wconf 81' lang='lat' dir='ltr'><em>astabat</em></span> <span class='ocrx_word' id='word_1_14' title='bbox 737 853 779 924; x_wconf 91' lang='lat' dir='ltr'><em>in</em></span> <span class='ocrx_word' id='word_1_15' title='bbox 800 875 844 924; x_wconf 87' lang='lat' dir='ltr'><em>eo</em></span> <span class='ocrx_word' id='word_1_16' title='bbox 868 851 966 940; x_wconf 85' lang='lat' dir='ltr'><em>ioco,</em></span> <span class='ocrx_word' id='word_1_17' title='bbox 989 849 1056 923; x_wconf 83' lang='lat' dir='ltr'><em>uli</em></span> <span class='ocrx_word' id='word_1_18' title='bbox 1072 851 1328 927; x_wconf 82' lang='lat' dir='ltr'><em>Hardleinus</em></span> <span class='ocrx_word' id='word_1_19' title='bbox 1345 854 1565 952; x_wconf 78' lang='lat' dir='ltr'><strong><em>procurrit,</em></strong></span> <span class='ocrx_word' id='word_1_20' title='bbox 1589 854 1771 951; x_wconf 76' lang='lat' dir='ltr'><em>illumque</em></span> 
     </span>
     <span class='ocr_line' id='line_1_4' title="bbox 156 983 1768 1080; baseline -0.001 -22"><span class='ocrx_word' id='word_1_21' title='bbox 156 988 294 1058; x_wconf 88' lang='lat' dir='ltr'><em>statim</em></span> <span class='ocrx_word' id='word_1_22' title='bbox 312 983 439 1058; x_wconf 79' lang='lat' dir='ltr'><em>soluit</em></span> <span class='ocrx_word' id='word_1_23' title='bbox 455 985 630 1080; x_wconf 87' lang='lat' dir='ltr'><em>aggredi.</em></span> <span class='ocrx_word' id='word_1_24' title='bbox 685 983 768 1075; x_wconf 78' lang='lat' dir='ltr'><em>&#39;Qvo</em></span> <span class='ocrx_word' id='word_1_25' title='bbox 786 983 1158 1078; x_wconf 85' lang='lat' dir='ltr'><em>conspectoBollius</em></span> <span class='ocrx_word' id='word_1_26' title='bbox 1175 987 1350 1078; x_wconf 87' lang='lat' dir='ltr'><em>accurit,·</em></span> <span class='ocrx_word' id='word_1_27' title='bbox 1375 1009 1423 1056; x_wconf 91' lang='lat' dir='ltr'><em>ac</em></span> <span class='ocrx_word' id='word_1_28' title='bbox 1437 987 1670 1060; x_wconf 86' lang='lat' dir='ltr'><em>Hardbeino</em></span> <span class='ocrx_word' id='word_1_29' title='bbox 1683 987 1768 1058; x_wconf 88' lang='lat' dir='ltr'><em>ali-</em></span> 
     </span>
     <span class='ocr_line' id='line_1_5' title="bbox 115 1114 1768 1220; baseline -0.002 -28"><span class='ocrx_word' id='word_1_30' title='bbox 115 1117 122 1129; x_wconf 83' lang='lat'><em>&#39;</em></span> <span class='ocrx_word' id='word_1_31' title='bbox 155 1118 360 1220; x_wconf 74' lang='lat' dir='ltr'><em>quidmnli</em></span> <span class='ocrx_word' id='word_1_32' title='bbox 387 1115 531 1207; x_wconf 85' lang='lat' dir='ltr'><em>inferri</em></span> <span class='ocrx_word' id='word_1_33' title='bbox 560 1115 703 1207; x_wconf 81' lang='lat' dir='ltr'><em>vetuit,</em></span> <span class='ocrx_word' id='word_1_34' title='bbox 738 1114 889 1188; x_wconf 87' lang='lat' dir='ltr'><em>dicens:</em></span> <span class='ocrx_word' id='word_1_35' title='bbox 929 1137 1039 1186; x_wconf 85' lang='lat' dir='ltr'><em>nemo</em></span> <span class='ocrx_word' id='word_1_36' title='bbox 1057 1114 1122 1186; x_wconf 86' lang='lat' dir='ltr'><em>ltic</em></span> <span class='ocrx_word' id='word_1_37' title='bbox 1140 1116 1337 1208; x_wconf 88' lang='lat' dir='ltr'><em>socinoro</em></span> <span class='ocrx_word' id='word_1_38' title='bbox 1353 1119 1464 1212; x_wconf 76' lang='lat' dir='ltr'><em>sorti</em></span> <span class='ocrx_word' id='word_1_39' title='bbox 1492 1118 1656 1214; x_wconf 88' lang='lat' dir='ltr'><em>indigna</em></span> <span class='ocrx_word' id='word_1_40' title='bbox 1682 1119 1768 1196; x_wconf 82' lang='lat' dir='ltr'><em>eiro</em></span> 
     </span>
     <span class='ocr_line' id='line_1_6' title="bbox 150 1243 1768 1350; baseline -0.001 -26"><span class='ocrx_word' id='word_1_41' title='bbox 150 1261 374 1350; x_wconf 80' lang='lat' dir='ltr'><em>perpetret,</em></span> <span class='ocrx_word' id='word_1_42' title='bbox 412 1243 450 1318; x_wconf 75' lang='lat'><em>8&lt;</em></span> <span class='ocrx_word' id='word_1_43' title='bbox 470 1247 703 1320; x_wconf 84' lang='lat' dir='ltr'><em>Hardbeino</em></span> <span class='ocrx_word' id='word_1_44' title='bbox 734 1272 830 1318; x_wconf 88' lang='lat' dir='ltr'><em>sane</em></span> <span class='ocrx_word' id='word_1_45' title='bbox 856 1257 944 1316; x_wconf 86' lang='lat' dir='ltr'><em>tuto</em></span> <span class='ocrx_word' id='word_1_46' title='bbox 970 1246 1048 1318; x_wconf 85' lang='lat' dir='ltr'><em>erit</em></span> <span class='ocrx_word' id='word_1_47' title='bbox 1069 1270 1167 1341; x_wconf 83' lang='lat' dir='ltr'><em>pax.</em></span> <span class='ocrx_word' id='word_1_48' title='bbox 1233 1250 1380 1346; x_wconf 85' lang='lat' dir='ltr'><em>Helgio</em></span> <span class='ocrx_word' id='word_1_49' title='bbox 1409 1252 1515 1322; x_wconf 89' lang='lat' dir='ltr'><em>alter</em></span> <span class='ocrx_word' id='word_1_50' title='bbox 1541 1264 1630 1324; x_wconf 90' lang='lat' dir='ltr'><em>erat</em></span> <span class='ocrx_word' id='word_1_51' title='bbox 1651 1251 1768 1345; x_wconf 82' lang='lat' dir='ltr'><em>filius</em></span> 
     </span>
     <span class='ocr_line' id='line_1_7' title="bbox 152 1371 1766 1478; baseline -0.002 -20"><span class='ocrx_word' id='word_1_52' title='bbox 152 1371 320 1458; x_wconf 79' lang='lat' dir='ltr'><em>Skorrus</em></span> <span class='ocrx_word' id='word_1_53' title='bbox 341 1379 503 1454; x_wconf 88' lang='lat' dir='ltr'><em>nomine.</em></span> <span class='ocrx_word' id='word_1_54' title='bbox 554 1379 632 1454; x_wconf 86' lang='lat' dir='ltr'><em>Ille</em></span> <span class='ocrx_word' id='word_1_55' title='bbox 649 1391 731 1454; x_wconf 89' lang='lat' dir='ltr'><em>tum</em></span> <span class='ocrx_word' id='word_1_56' title='bbox 744 1376 949 1476; x_wconf 84' lang='lat' dir='ltr'><em>Englandi</em></span> <span class='ocrx_word' id='word_1_57' title='bbox 969 1377 1011 1450; x_wconf 89' lang='lat' dir='ltr'><em>in</em></span> <span class='ocrx_word' id='word_1_58' title='bbox 1031 1379 1304 1478; x_wconf 81' lang='lat' dir='ltr'><em>Reykjardolo</em></span> <span class='ocrx_word' id='word_1_59' title='bbox 1324 1382 1501 1454; x_wconf 75' lang='lat' dir='ltr'><em>australi</em></span> <span class='ocrx_word' id='word_1_60' title='bbox 1514 1383 1766 1456; x_wconf 82' lang='lat' dir='ltr'><em>educabatur.</em></span> 
     </span>
    </p>
   </div>
   <div class='ocr_carea' id='block_1_3' title="bbox 802 1612 1112 1750">
    <p class='ocr_par' dir='ltr' id='par_1_3' title="bbox 802 1612 1112 1750">
     <span class='ocr_line' id='line_1_8' title="bbox 802 1612 1112 1750; baseline 0.01 -48"><span class='ocrx_word' id='word_1_61' title='bbox 802 1612 934 1703; x_wconf 73' lang='lat' dir='ltr'><em>ose.</em></span> <span class='ocrx_word' id='word_1_62' title='bbox 967 1613 1112 1750; x_wconf 74' lang='lat' dir='ltr'><em>LXV.</em></span> 
     </span>
    </p>
   </div>
   <div class='ocr_carea' id='block_1_4' title="bbox 134 1742 1836 4928">
    <p class='ocr_par' dir='ltr' id='par_1_4' title="bbox 138 1742 1836 3329">
     <span class='ocr_line' id='line_1_9' title="bbox 315 1742 1765 1875; baseline 0.006 -31"><span class='ocrx_word' id='word_1_63' title='bbox 315 1851 317 1856; x_wconf 66' lang='lat'><em>,</em></span> <span class='ocrx_word' id='word_1_64' title='bbox 346 1742 434 1848; x_wconf 73' lang='lat' dir='ltr'><em>Hts</em></span> <span class='ocrx_word' id='word_1_65' title='bbox 451 1775 564 1848; x_wconf 81' lang='lat' dir='ltr'><em>rebus</em></span> <span class='ocrx_word' id='word_1_66' title='bbox 577 1776 698 1872; x_wconf 84' lang='lat' dir='ltr'><em>gestis</em></span> <span class='ocrx_word' id='word_1_67' title='bbox 712 1775 941 1871; x_wconf 78' lang='lat' dir='ltr'><em>Tnorgilsus</em></span> <span class='ocrx_word' id='word_1_68' title='bbox 962 1799 1048 1847; x_wconf 90' lang='lat' dir='ltr'><em>cum</em></span> <span class='ocrx_word' id='word_1_69' title='bbox 1058 1775 1262 1849; x_wconf 82' lang='lat' dir='ltr'><em>comitibus</em></span> <span class='ocrx_word' id='word_1_70' title='bbox 1281 1802 1372 1875; x_wconf 79' lang='lat' dir='ltr'><em>equo</em></span> <span class='ocrx_word' id='word_1_71' title='bbox 1382 1777 1472 1851; x_wconf 89' lang='lat' dir='ltr'><em>inde</em></span> <span class='ocrx_word' id='word_1_72' title='bbox 1483 1791 1612 1854; x_wconf 83' lang='lat' dir='ltr'><em>vectus</em></span> <span class='ocrx_word' id='word_1_73' title='bbox 1621 1803 1670 1851; x_wconf 92' lang='lat' dir='ltr'><em>oc</em></span> <span class='ocrx_word' id='word_1_74' title='bbox 1680 1782 1765 1853; x_wconf 88' lang='lat' dir='ltr'><em>col-</em></span> 
     </span>
     <span class='ocr_line' id='line_1_10' title="bbox 149 1907 1767 2006; baseline -0.001 -20"><span class='ocrx_word' id='word_1_75' title='bbox 149 1913 224 1996; x_wconf 83' lang='lat' dir='ltr'><em>lem</em></span> <span class='ocrx_word' id='word_1_76' title='bbox 241 1908 833 2006; x_wconf 80' lang='lat' dir='ltr'><em>transgressusReyljordolum</em></span> <span class='ocrx_word' id='word_1_77' title='bbox 842 1907 1036 2000; x_wconf 79' lang='lat' dir='ltr'><em>pervenit,</em></span> <span class='ocrx_word' id='word_1_78' title='bbox 1067 1907 1167 1978; x_wconf 87' lang='lat' dir='ltr'><em>istas</em></span> <span class='ocrx_word' id='word_1_79' title='bbox 1184 1909 1239 1978; x_wconf 85' lang='lat' dir='ltr'><em>ibi</em></span> <span class='ocrx_word' id='word_1_80' title='bbox 1254 1912 1378 1982; x_wconf 84' lang='lat' dir='ltr'><em>coedes</em></span> <span class='ocrx_word' id='word_1_81' title='bbox 1393 1911 1585 1986; x_wconf 83' lang='lat' dir='ltr'><em>indicans.</em></span> <span class='ocrx_word' id='word_1_82' title='bbox 1609 1913 1767 1984; x_wconf 87' lang='lat' dir='ltr'><em>Deinde</em></span> 
     </span>
     <span class='ocr_line' id='line_1_11' title="bbox 149 2037 1767 2134; baseline 0.003 -21"><span class='ocrx_word' id='word_1_83' title='bbox 149 2042 383 2114; x_wconf 85' lang='lat' dir='ltr'><em>accidentem</em></span> <span class='ocrx_word' id='word_1_84' title='bbox 401 2065 533 2113; x_wconf 80' lang='lat' dir='ltr'><em>uersus</em></span> <span class='ocrx_word' id='word_1_85' title='bbox 548 2041 682 2110; x_wconf 86' lang='lat' dir='ltr'><em>eadem</em></span> <span class='ocrx_word' id='word_1_86' title='bbox 699 2039 766 2111; x_wconf 78' lang='lat' dir='ltr'><em>cio</em></span> <span class='ocrx_word' id='word_1_87' title='bbox 788 2038 1067 2134; x_wconf 64' lang='lat' dir='ltr'><em>profectique</em></span> <span class='ocrx_word' id='word_1_88' title='bbox 1090 2037 1141 2108; x_wconf 81' lang='lat' dir='ltr'><em>ab</em></span> <span class='ocrx_word' id='word_1_89' title='bbox 1162 2039 1356 2112; x_wconf 89' lang='lat' dir='ltr'><em>occidente</em></span> <span class='ocrx_word' id='word_1_90' title='bbox 1373 2043 1630 2132; x_wconf 85' lang='lat' dir='ltr'><em>advenerant,</em></span> <span class='ocrx_word' id='word_1_91' title='bbox 1655 2045 1767 2118; x_wconf 83' lang='lat' dir='ltr'><em>lsaud</em></span> 
     </span>
     <span class='ocr_line' id='line_1_12' title="bbox 142 2169 1765 2270; baseline 0.001 -24"><span class='ocrx_word' id='word_1_92' title='bbox 142 2173 377 2270; x_wconf 78' lang='lat' dir='ltr'><em>priusquam</em></span> <span class='ocrx_word' id='word_1_93' title='bbox 396 2173 437 2244; x_wconf 87' lang='lat' dir='ltr'><em>in</em></span> <span class='ocrx_word' id='word_1_94' title='bbox 444 2172 725 2246; x_wconf 78' lang='lat' dir='ltr'><em>Htirdodolum</em></span> <span class='ocrx_word' id='word_1_95' title='bbox 737 2171 990 2266; x_wconf 77' lang='lat' dir='ltr'><em>peruenirent</em></span> <span class='ocrx_word' id='word_1_96' title='bbox 1004 2169 1222 2242; x_wconf 86' lang='lat' dir='ltr'><em>constitere.</em></span> <span class='ocrx_word' id='word_1_97' title='bbox 1280 2171 1372 2243; x_wconf 88' lang='lat' dir='ltr'><em>Jarn</em></span> <span class='ocrx_word' id='word_1_98' title='bbox 1386 2196 1470 2270; x_wconf 83' lang='lat' dir='ltr'><em>qeoe</em></span> <span class='ocrx_word' id='word_1_99' title='bbox 1486 2175 1528 2248; x_wconf 89' lang='lat' dir='ltr'><em>in</em></span> <span class='ocrx_word' id='word_1_100' title='bbox 1546 2175 1685 2248; x_wconf 88' lang='lat' dir='ltr'><em>itinere</em></span> <span class='ocrx_word' id='word_1_101' title='bbox 1701 2202 1765 2248; x_wconf 85' lang='lat' dir='ltr'><em>es-</em></span> 
     </span>
     <span class='ocr_line' id='line_1_13' title="bbox 148 2302 1764 2401; baseline 0.002 -24"><span class='ocrx_word' id='word_1_102' title='bbox 148 2318 361 2401; x_wconf 86' lang='lat' dir='ltr'><em>&#39;sentgesta</em></span> <span class='ocrx_word' id='word_1_103' title='bbox 374 2327 646 2378; x_wconf 80' lang='lat' dir='ltr'><em>memoravere.</em></span> <span class='ocrx_word' id='word_1_104' title='bbox 697 2303 799 2376; x_wconf 82' lang='lat' dir='ltr'><em>Haec</em></span> <span class='ocrx_word' id='word_1_105' title='bbox 814 2302 1011 2398; x_wconf 76' lang='lat' dir='ltr'><em>expeditio</em></span> <span class='ocrx_word' id='word_1_106' title='bbox 1024 2302 1195 2374; x_wconf 85' lang='lat' dir='ltr'><em>illustris</em></span> <span class='ocrx_word' id='word_1_107' title='bbox 1205 2302 1345 2375; x_wconf 86' lang='lat' dir='ltr'><em>ltcbita</em></span> <span class='ocrx_word' id='word_1_108' title='bbox 1365 2317 1437 2396; x_wconf 85' lang='lat' dir='ltr'><em>est,</em></span> <span class='ocrx_word' id='word_1_109' title='bbox 1464 2307 1764 2381; x_wconf 78' lang='lat' dir='ltr'><em>necleoevisum</em></span> 
     </span>
     <span class='ocr_line' id='line_1_14' title="bbox 140 2435 1836 2534; baseline 0.001 -24"><span class='ocrx_word' id='word_1_110' title='bbox 140 2437 319 2532; x_wconf 82' lang='lat' dir='ltr'><em>facinus,</em></span> <span class='ocrx_word' id='word_1_111' title='bbox 339 2439 459 2510; x_wconf 86' lang='lat' dir='ltr'><em>talem</em></span> <span class='ocrx_word' id='word_1_112' title='bbox 478 2439 684 2526; x_wconf 75' lang='lat' dir='ltr'><em>athletam,</em></span> <span class='ocrx_word' id='word_1_113' title='bbox 700 2437 830 2533; x_wconf 74' lang='lat' dir='ltr'><em>qualis</em></span> <span class='ocrx_word' id='word_1_114' title='bbox 842 2435 1113 2530; x_wconf 85' lang='lat' dir='ltr'><em>Helgiussuit,</em></span> <span class='ocrx_word' id='word_1_115' title='bbox 1130 2435 1357 2529; x_wconf 86' lang='lat' dir='ltr'><em>interficere.</em></span> <span class='ocrx_word' id='word_1_116' title='bbox 1401 2437 1765 2534; x_wconf 75' lang='lat' dir='ltr'><em>sllrorgilsuscomi-</em></span> <span class='ocrx_word' id='word_1_117' title='bbox 1832 2457 1836 2464; x_wconf 85' lang='lat'><strong><em>‘</em></strong></span> 
     </span>
     <span class='ocr_line' id='line_1_15' title="bbox 145 2567 1763 2666; baseline 0 -22"><span class='ocrx_word' id='word_1_118' title='bbox 145 2570 250 2644; x_wconf 78' lang='lat' dir='ltr'><em>tibus</em></span> <span class='ocrx_word' id='word_1_119' title='bbox 253 2594 332 2665; x_wconf 91' lang='lat' dir='ltr'><em>pro</em></span> <span class='ocrx_word' id='word_1_120' title='bbox 347 2570 500 2642; x_wconf 81' lang='lat' dir='ltr'><em>auxilio</em></span> <span class='ocrx_word' id='word_1_121' title='bbox 510 2571 588 2665; x_wconf 88' lang='lat' dir='ltr'><em>egit</em></span> <span class='ocrx_word' id='word_1_122' title='bbox 594 2569 767 2665; x_wconf 87' lang='lat' dir='ltr'><em>gratias,</em></span> <span class='ocrx_word' id='word_1_123' title='bbox 787 2568 845 2639; x_wconf 88' lang='lat' dir='ltr'><em>ito</em></span> <span class='ocrx_word' id='word_1_124' title='bbox 862 2591 1003 2666; x_wconf 77' lang='lat' dir='ltr'><em>qvoqve</em></span> <span class='ocrx_word' id='word_1_125' title='bbox 1005 2567 1166 2660; x_wconf 79' lang='lat' dir='ltr'><em>scotres</em></span> <span class='ocrx_word' id='word_1_126' title='bbox 1179 2569 1308 2640; x_wconf 88' lang='lat' dir='ltr'><em>Bollii</em></span> <span class='ocrx_word' id='word_1_127' title='bbox 1313 2567 1399 2661; x_wconf 82' lang='lat' dir='ltr'><em>filii</em></span> <span class='ocrx_word' id='word_1_128' title='bbox 1413 2585 1584 2665; x_wconf 85' lang='lat' dir='ltr'><em>egerunt.</em></span> <span class='ocrx_word' id='word_1_129' title='bbox 1643 2571 1763 2644; x_wconf 87' lang='lat' dir='ltr'><em>Tum-</em></span> 
     </span>
     <span class='ocr_line' id='line_1_16' title="bbox 144 2700 1762 2802; baseline 0 -26"><span class='ocrx_word' id='word_1_130' title='bbox 144 2727 214 2802; x_wconf 83' lang='lat' dir='ltr'><em>qve</em></span> <span class='ocrx_word' id='word_1_131' title='bbox 224 2705 288 2774; x_wconf 87' lang='lat' dir='ltr'><em>illi</em></span> <span class='ocrx_word' id='word_1_132' title='bbox 296 2703 384 2792; x_wconf 85' lang='lat' dir='ltr'><em>viri,</em></span> <span class='ocrx_word' id='word_1_133' title='bbox 404 2703 466 2800; x_wconf 79' lang='lat' dir='ltr'><em>qvi</em></span> <span class='ocrx_word' id='word_1_134' title='bbox 480 2703 728 2799; x_wconf 83' lang='lat' dir='ltr'><em>Tlsorgilsum</em></span> <span class='ocrx_word' id='word_1_135' title='bbox 742 2701 921 2773; x_wconf 88' lang='lat' dir='ltr'><em>comitati</em></span> <span class='ocrx_word' id='word_1_136' title='bbox 924 2700 1110 2792; x_wconf 84' lang='lat' dir='ltr'><em>fuerant,</em></span> <span class='ocrx_word' id='word_1_137' title='bbox 1135 2701 1355 2772; x_wconf 71' lang='lat' dir='ltr'><em>discessere.</em></span> <span class='ocrx_word' id='word_1_138' title='bbox 1383 2702 1574 2774; x_wconf 83' lang='lat' dir='ltr'><em>Lambius</em></span> <span class='ocrx_word' id='word_1_139' title='bbox 1585 2705 1762 2776; x_wconf 86' lang='lat' dir='ltr'><em>occiden-</em></span> 
     </span>
     <span class='ocr_line' id='line_1_17' title="bbox 143 2827 1762 2932; baseline -0.001 -25"><span class='ocrx_word' id='word_1_140' title='bbox 143 2827 220 2909; x_wconf 83' lang='lat' dir='ltr'><em>iem</em></span> <span class='ocrx_word' id='word_1_141' title='bbox 242 2859 377 2907; x_wconf 79' lang='lat' dir='ltr'><em>uersus</em></span> <span class='ocrx_word' id='word_1_142' title='bbox 389 2836 596 2931; x_wconf 87' lang='lat' dir='ltr'><em>profectus</em></span> <span class='ocrx_word' id='word_1_143' title='bbox 619 2835 661 2904; x_wconf 92' lang='lat' dir='ltr'><em>in</em></span> <span class='ocrx_word' id='word_1_144' title='bbox 676 2828 976 2922; x_wconf 80' lang='lat' dir='ltr'><em>Laxardolum,</em></span> <span class='ocrx_word' id='word_1_145' title='bbox 1009 2829 1350 2930; x_wconf 80' lang='lat' dir='ltr'><em>Hjardarlcoltum</em></span> <span class='ocrx_word' id='word_1_146' title='bbox 1372 2836 1548 2930; x_wconf 90' lang='lat' dir='ltr'><em>primum</em></span> <span class='ocrx_word' id='word_1_147' title='bbox 1568 2837 1762 2932; x_wconf 68' lang='lat' dir='ltr'><em>peruenit,</em></span> 
     </span>
     <span class='ocr_line' id='line_1_18' title="bbox 140 2963 1763 3063; baseline 0.001 -24"><span class='ocrx_word' id='word_1_148' title='bbox 140 2963 181 3039; x_wconf 77' lang='grc'><em>8(</em></span> <span class='ocrx_word' id='word_1_149' title='bbox 199 2967 378 3063; x_wconf 90' lang='lat' dir='ltr'><em>cognatis</em></span> <span class='ocrx_word' id='word_1_150' title='bbox 397 2969 480 3038; x_wconf 90' lang='lat' dir='ltr'><em>suis</em></span> <span class='ocrx_word' id='word_1_151' title='bbox 498 2980 631 3038; x_wconf 81' lang='lat' dir='ltr'><em>exacte</em></span> <span class='ocrx_word' id='word_1_152' title='bbox 645 2963 784 3037; x_wconf 75' lang='lat' dir='ltr'><em>&#39;retulit</em></span> <span class='ocrx_word' id='word_1_153' title='bbox 800 2989 875 3050; x_wconf 89' lang='lat' dir='ltr'><em>res,</em></span> <span class='ocrx_word' id='word_1_154' title='bbox 892 2989 980 3062; x_wconf 78' lang='lat' dir='ltr'><em>qvae</em></span> <span class='ocrx_word' id='word_1_155' title='bbox 997 2966 1038 3040; x_wconf 87' lang='lat' dir='ltr'><em>in</em></span> <span class='ocrx_word' id='word_1_156' title='bbox 1056 2965 1300 3036; x_wconf 78' lang='lat' dir='ltr'><em>Skorradalo</em></span> <span class='ocrx_word' id='word_1_157' title='bbox 1314 2979 1438 3062; x_wconf 81' lang='lat' dir='ltr'><em>gestes</em></span> <span class='ocrx_word' id='word_1_158' title='bbox 1454 2967 1633 3061; x_wconf 86' lang='lat' dir='ltr'><em>fuerant.</em></span> <span class='ocrx_word' id='word_1_159' title='bbox 1691 2971 1750 3042; x_wconf 88' lang='lat' dir='ltr'><em>Ill</em></span> <span class='ocrx_word' id='word_1_160' title='bbox 1756 2970 1763 2988; x_wconf 78' lang='lat'>⁸</span> 
     </span>
     <span class='ocr_line' id='line_1_19' title="bbox 138 3095 1762 3202; baseline 0.001 -29"><span class='ocrx_word' id='word_1_161' title='bbox 138 3105 224 3202; x_wconf 82' lang='lat' dir='ltr'><em>ejus</em></span> <span class='ocrx_word' id='word_1_162' title='bbox 239 3099 522 3196; x_wconf 79' lang='lat' dir='ltr'><em>expeditionem</em></span> <span class='ocrx_word' id='word_1_163' title='bbox 535 3100 702 3172; x_wconf 84' lang='lat' dir='ltr'><em>multum</em></span> <span class='ocrx_word' id='word_1_164' title='bbox 720 3095 991 3194; x_wconf 80' lang='lat' dir='ltr'><em>improbavere</em></span> <span class='ocrx_word' id='word_1_165' title='bbox 1002 3097 1189 3192; x_wconf 76' lang='lat' dir='ltr'><em>valdeque</em></span> <span class='ocrx_word' id='word_1_166' title='bbox 1205 3097 1334 3197; x_wconf 86' lang='lat' dir='ltr'><em>ipsum</em></span> <span class='ocrx_word' id='word_1_167' title='bbox 1349 3102 1605 3194; x_wconf 71' lang='lat' dir='ltr'><em>castigavere,</em></span> <span class='ocrx_word' id='word_1_168' title='bbox 1627 3103 1762 3175; x_wconf 85' lang='lat' dir='ltr'><em>dicen-</em></span> 
     </span>
     <span class='ocr_line' id='line_1_20' title="bbox 139 3229 1763 3329; baseline -0.001 -21"><span class='ocrx_word' id='word_1_169' title='bbox 139 3245 210 3320; x_wconf 84' lang='lat' dir='ltr'><em>tes,</em></span> <span class='ocrx_word' id='word_1_170' title='bbox 235 3257 321 3306; x_wconf 89' lang='lat' dir='ltr'><em>eum</em></span> <span class='ocrx_word' id='word_1_171' title='bbox 336 3233 465 3328; x_wconf 88' lang='lat' dir='ltr'><em>magis</em></span> <span class='ocrx_word' id='word_1_172' title='bbox 479 3229 711 3328; x_wconf 73' lang='lat' dir='ltr'><em>lhorbjiirui</em></span> <span class='ocrx_word' id='word_1_173' title='bbox 720 3229 892 3324; x_wconf 44' lang='lat' dir='ltr'><em>‘Siriupi</em></span> <span class='ocrx_word' id='word_1_174' title='bbox 908 3251 1031 3323; x_wconf 87' lang='lat' dir='ltr'><em>genus</em></span> <span class='ocrx_word' id='word_1_175' title='bbox 1049 3251 1164 3324; x_wconf 82' lang='lat' dir='ltr'><em>qvam</em></span> <span class='ocrx_word' id='word_1_176' title='bbox 1178 3229 1681 3329; x_wconf 80' lang='lat' dir='ltr'><em>MyrkjortaniHybernioe</em></span> <span class='ocrx_word' id='word_1_177' title='bbox 1697 3259 1763 3306; x_wconf 87' lang='lat' dir='ltr'><em>re-</em></span> 
     </span>
    </p>

    <p class='ocr_par' dir='ltr' id='par_1_5' title="bbox 134 3360 1794 4928">
     <span class='ocr_line' id='line_1_21' title="bbox 135 3360 1763 3464; baseline 0.001 -28"><span class='ocrx_word' id='word_1_178' title='bbox 135 3367 201 3464; x_wconf 86' lang='lat' dir='ltr'><em>gis</em></span> <span class='ocrx_word' id='word_1_179' title='bbox 216 3367 421 3440; x_wconf 90' lang='lat' dir='ltr'><em>indicasse.</em></span> <span class='ocrx_word' id='word_1_180' title='bbox 447 3364 638 3438; x_wconf 83' lang='lat' dir='ltr'><em>Lambius</em></span> <span class='ocrx_word' id='word_1_181' title='bbox 656 3387 789 3438; x_wconf 89' lang='lat' dir='ltr'><em>eorum</em></span> <span class='ocrx_word' id='word_1_182' title='bbox 797 3360 965 3438; x_wconf 87' lang='lat' dir='ltr'><em>sermoni</em></span> <span class='ocrx_word' id='word_1_183' title='bbox 975 3361 1091 3434; x_wconf 78' lang='lat' dir='ltr'><em>colec</em></span> <span class='ocrx_word' id='word_1_184' title='bbox 1101 3385 1314 3455; x_wconf 87' lang='lat' dir='ltr'><em>succensus,</em></span> <span class='ocrx_word' id='word_1_185' title='bbox 1340 3387 1609 3459; x_wconf 81' lang='lat' dir='ltr'><em>caeparumse</em></span> <span class='ocrx_word' id='word_1_186' title='bbox 1623 3367 1763 3437; x_wconf 81' lang='lat' dir='ltr'><em>decen-</em></span> 
     </span>
     <span class='ocr_line' id='line_1_22' title="bbox 139 3493 1763 3597; baseline -0.001 -26"><span class='ocrx_word' id='word_1_187' title='bbox 139 3511 201 3572; x_wconf 85' lang='lat' dir='ltr'><em>ter</em></span> <span class='ocrx_word' id='word_1_188' title='bbox 218 3522 354 3596; x_wconf 82' lang='lat' dir='ltr'><em>gerere</em></span> <span class='ocrx_word' id='word_1_189' title='bbox 367 3498 513 3596; x_wconf 85' lang='lat' dir='ltr'><em>ajebat,</em></span> <span class='ocrx_word' id='word_1_190' title='bbox 526 3498 712 3597; x_wconf 76' lang='lat' dir='ltr'><em>siquidem</em></span> <span class='ocrx_word' id='word_1_191' title='bbox 722 3500 837 3572; x_wconf 88' lang='lat' dir='ltr'><em>illum</em></span> <span class='ocrx_word' id='word_1_192' title='bbox 844 3493 1209 3592; x_wconf 73' lang='lat' dir='ltr'><em>reprehensionibus</em></span> <span class='ocrx_word' id='word_1_193' title='bbox 1223 3497 1531 3593; x_wconf 86' lang='lat' dir='ltr'><em>aggrederentur</em></span> <span class='ocrx_word' id='word_1_194' title='bbox 1535 3523 1550 3590; x_wconf 82' lang='lat'><em>,-</em></span> <span class='ocrx_word' id='word_1_195' title='bbox 1574 3500 1763 3594; x_wconf 79' lang='lat' dir='ltr'><em>egoenim,</em></span> 
     </span>
     <span class='ocr_line' id='line_1_23' title="bbox 134 3629 1761 3730; baseline 0 -26"><span class='ocrx_word' id='word_1_196' title='bbox 134 3632 272 3730; x_wconf 76' lang='lat' dir='ltr'><em>inquit,</em></span> <span class='ocrx_word' id='word_1_197' title='bbox 288 3656 354 3706; x_wconf 82' lang='lat' dir='ltr'><em>eos</em></span> <span class='ocrx_word' id='word_1_198' title='bbox 362 3633 579 3705; x_wconf 87' lang='lat' dir='ltr'><em>imminenti</em></span> <span class='ocrx_word' id='word_1_199' title='bbox 587 3633 707 3706; x_wconf 86' lang='lat' dir='ltr'><em>morti</em></span> <span class='ocrx_word' id='word_1_200' title='bbox 715 3631 916 3718; x_wconf 77' lang='lat' dir='ltr'><em>subtraxi3</em></span> <span class='ocrx_word' id='word_1_201' title='bbox 944 3629 1055 3724; x_wconf 75' lang='lat' dir='ltr'><em>laud</em></span> <span class='ocrx_word' id='word_1_202' title='bbox 1061 3629 1230 3707; x_wconf 87' lang='lat' dir='ltr'><em>multum</em></span> <span class='ocrx_word' id='word_1_203' title='bbox 1239 3629 1379 3701; x_wconf 83' lang='lat' dir='ltr'><em>deinde</em></span> <span class='ocrx_word' id='word_1_204' title='bbox 1396 3629 1520 3704; x_wconf 87' lang='lat' dir='ltr'><em>locuti</em></span> <span class='ocrx_word' id='word_1_205' title='bbox 1527 3680 1554 3718; x_wconf 88' lang='lat'><em>,.</em></span> <span class='ocrx_word' id='word_1_206' title='bbox 1568 3633 1761 3705; x_wconf 88' lang='lat' dir='ltr'><em>tumenim</em></span> 
     </span>
     <span class='ocr_line' id='line_1_24' title="bbox 137 3759 1764 3862; baseline 0 -24"><span class='ocrx_word' id='word_1_207' title='bbox 137 3765 295 3859; x_wconf 76' lang='lat' dir='ltr'><em>utrique</em></span> <span class='ocrx_word' id='word_1_208' title='bbox 310 3761 385 3832; x_wconf 87' lang='lat' dir='ltr'><em>sibi</em></span> <span class='ocrx_word' id='word_1_209' title='bbox 401 3765 562 3837; x_wconf 81' lang='lat' dir='ltr'><em>invicem</em></span> <span class='ocrx_word' id='word_1_210' title='bbox 572 3767 825 3862; x_wconf 77' lang='lat' dir='ltr'><em>aliquantum</em></span> <span class='ocrx_word' id='word_1_211' title='bbox 841 3765 1026 3836; x_wconf 83' lang='lat' dir='ltr'><em>succensi.</em></span> <span class='ocrx_word' id='word_1_212' title='bbox 1078 3759 1268 3836; x_wconf 81' lang='lat' dir='ltr'><em>Lambius</em></span> <span class='ocrx_word' id='word_1_213' title='bbox 1284 3764 1342 3834; x_wconf 93' lang='lat' dir='ltr'><em>ad</em></span> <span class='ocrx_word' id='word_1_214' title='bbox 1352 3763 1554 3859; x_wconf 81' lang='lat' dir='ltr'><em>praedium</em></span> <span class='ocrx_word' id='word_1_215' title='bbox 1570 3788 1683 3836; x_wconf 89' lang='lat' dir='ltr'><em>suum</em></span> <span class='ocrx_word' id='word_1_216' title='bbox 1697 3789 1764 3838; x_wconf 84' lang='lat' dir='ltr'><em>re-</em></span> 
     </span>
     <span class='ocr_line' id='line_1_25' title="bbox 137 3894 1766 3991; baseline 0.001 -23"><span class='ocrx_word' id='word_1_217' title='bbox 137 3896 228 3968; x_wconf 85' lang='lat' dir='ltr'><em>diit.</em></span> <span class='ocrx_word' id='word_1_218' title='bbox 288 3894 517 3991; x_wconf 79' lang='lat' dir='ltr'><em>Titargilsus</em></span> <span class='ocrx_word' id='word_1_219' title='bbox 531 3895 778 3990; x_wconf 80' lang='lat' dir='ltr'><em>Hallcefilius</em></span> <span class='ocrx_word' id='word_1_220' title='bbox 802 3898 858 3966; x_wconf 89' lang='lat' dir='ltr'><em>ad</em></span> <span class='ocrx_word' id='word_1_221' title='bbox 871 3895 1146 3990; x_wconf 87' lang='lat' dir='ltr'><em>Helgafellum</em></span> <span class='ocrx_word' id='word_1_222' title='bbox 1168 3895 1326 3968; x_wconf 75' lang='lat' dir='ltr'><em>uehitur</em></span> <span class='ocrx_word' id='word_1_223' title='bbox 1355 3895 1633 3968; x_wconf 84' lang='lat' dir='ltr'><em>comitantibus</em></span> <span class='ocrx_word' id='word_1_224' title='bbox 1650 3901 1766 3969; x_wconf 85' lang='lat' dir='ltr'><em>Gud-</em></span> 
     </span>
     <span class='ocr_line' id='line_1_26' title="bbox 139 4025 1764 4125; baseline -0.002 -22"><span class='ocrx_word' id='word_1_225' title='bbox 139 4051 255 4104; x_wconf 80' lang='lat' dir='ltr'><em>runoe</em></span> <span class='ocrx_word' id='word_1_226' title='bbox 267 4025 372 4122; x_wconf 81' lang='lat' dir='ltr'><em>filiis</em></span> <span class='ocrx_word' id='word_1_227' title='bbox 393 4027 580 4122; x_wconf 76' lang='lat' dir='ltr'><em>sociisque</em></span> <span class='ocrx_word' id='word_1_228' title='bbox 604 4029 686 4099; x_wconf 89' lang='lat' dir='ltr'><em>suis</em></span> <span class='ocrx_word' id='word_1_229' title='bbox 695 4028 961 4125; x_wconf 85' lang='lat' dir='ltr'><em>jurejurando</em></span> <span class='ocrx_word' id='word_1_230' title='bbox 987 4027 1050 4097; x_wconf 90' lang='lat' dir='ltr'><em>illi</em></span> <span class='ocrx_word' id='word_1_231' title='bbox 1074 4026 1292 4117; x_wconf 88' lang='lat' dir='ltr'><em>adstrictis,</em></span> <span class='ocrx_word' id='word_1_232' title='bbox 1305 4025 1492 4101; x_wconf 89' lang='lat' dir='ltr'><em>Haldoro</em></span> <span class='ocrx_word' id='word_1_233' title='bbox 1509 4053 1558 4099; x_wconf 90' lang='lat' dir='ltr'><em>ac</em></span> <span class='ocrx_word' id='word_1_234' title='bbox 1585 4029 1764 4125; x_wconf 79' lang='lat' dir='ltr'><em>Ornolso.</em></span> 
     </span>
     <span class='ocr_line' id='line_1_27' title="bbox 140 4158 1766 4258; baseline 0.001 -22"><span class='ocrx_word' id='word_1_235' title='bbox 140 4165 236 4236; x_wconf 80' lang='lat' dir='ltr'><em>Sero</em></span> <span class='ocrx_word' id='word_1_236' title='bbox 260 4161 324 4232; x_wconf 87' lang='lat' dir='ltr'><em>illi</em></span> <span class='ocrx_word' id='word_1_237' title='bbox 337 4171 601 4256; x_wconf 79' lang='lat' dir='ltr'><em>pervenerunt</em></span> <span class='ocrx_word' id='word_1_238' title='bbox 619 4159 915 4256; x_wconf 86' lang='lat' dir='ltr'><em>Helgosellum,</em></span> <span class='ocrx_word' id='word_1_239' title='bbox 949 4183 1042 4258; x_wconf 82' lang='lat' dir='ltr'><em>nam</em></span> <span class='ocrx_word' id='word_1_240' title='bbox 1069 4182 1198 4229; x_wconf 89' lang='lat' dir='ltr'><em>omnes</em></span> <span class='ocrx_word' id='word_1_241' title='bbox 1210 4159 1302 4256; x_wconf 86' lang='lat' dir='ltr'><em>jorn</em></span> <span class='ocrx_word' id='word_1_242' title='bbox 1325 4158 1500 4232; x_wconf 80' lang='lat' dir='ltr'><em>homines</em></span> <span class='ocrx_word' id='word_1_243' title='bbox 1519 4161 1691 4236; x_wconf 82' lang='lat' dir='ltr'><em>cubitum</em></span> <span class='ocrx_word' id='word_1_244' title='bbox 1707 4165 1766 4237; x_wconf 88' lang='lat' dir='ltr'><em>ie·-</em></span> 
     </span>
     <span class='ocr_line' id='line_1_28' title="bbox 135 4285 1768 4394; baseline 0.004 -28"><span class='ocrx_word' id='word_1_245' title='bbox 135 4285 250 4367; x_wconf 50' lang='lat' dir='ltr'><em>¹rant.</em></span> <span class='ocrx_word' id='word_1_246' title='bbox 303 4294 498 4366; x_wconf 89' lang='lat' dir='ltr'><em>Gudruna</em></span> <span class='ocrx_word' id='word_1_247' title='bbox 518 4315 679 4388; x_wconf 90' lang='lat' dir='ltr'><em>surgens</em></span> <span class='ocrx_word' id='word_1_248' title='bbox 703 4303 849 4365; x_wconf 90' lang='lat' dir='ltr'><em>ceteros</em></span> <span class='ocrx_word' id='word_1_249' title='bbox 872 4316 1031 4388; x_wconf 86' lang='lat' dir='ltr'><em>surgere</em></span> <span class='ocrx_word' id='word_1_250' title='bbox 1039 4287 1206 4388; x_wconf 82' lang='lat' dir='ltr'><em>jubebat</em></span> <span class='ocrx_word' id='word_1_251' title='bbox 1232 4290 1385 4390; x_wconf 76' lang='lat' dir='ltr'><em>illisque</em></span> <span class='ocrx_word' id='word_1_252' title='bbox 1400 4292 1623 4390; x_wconf 78' lang='lat' dir='ltr'><em>hospitalia</em></span> <span class='ocrx_word' id='word_1_253' title='bbox 1640 4297 1768 4394; x_wconf 88' lang='lat' dir='ltr'><em>officia</em></span> 
     </span>
     <span class='ocr_line' id='line_1_29' title="bbox 141 4422 1768 4524; baseline 0.003 -25"><span class='ocrx_word' id='word_1_254' title='bbox 141 4439 361 4524; x_wconf 78' lang='lat' dir='ltr'><em>prcestare3</em></span> <span class='ocrx_word' id='word_1_255' title='bbox 388 4437 469 4498; x_wconf 85' lang='lat' dir='ltr'><em>tum</em></span> <span class='ocrx_word' id='word_1_256' title='bbox 487 4423 729 4498; x_wconf 73' lang='lat' dir='ltr'><em>coenaculum</em></span> <span class='ocrx_word' id='word_1_257' title='bbox 739 4425 915 4520; x_wconf 89' lang='lat' dir='ltr'><em>ingressa</em></span> <span class='ocrx_word' id='word_1_258' title='bbox 930 4422 1180 4520; x_wconf 80' lang='lat' dir='ltr'><em>Tlsorgilsum</em></span> <span class='ocrx_word' id='word_1_259' title='bbox 1196 4448 1245 4496; x_wconf 90' lang='lat' dir='ltr'><em>ac</em></span> <span class='ocrx_word' id='word_1_260' title='bbox 1259 4438 1420 4500; x_wconf 76' lang='lat' dir='ltr'><em>cetoros</em></span> <span class='ocrx_word' id='word_1_261' title='bbox 1433 4429 1593 4502; x_wconf 88' lang='lat' dir='ltr'><em>comites</em></span> <span class='ocrx_word' id='word_1_262' title='bbox 1606 4432 1768 4504; x_wconf 82' lang='lat' dir='ltr'><em>saluta-</em></span> 
     </span>
     <span class='ocr_line' id='line_1_30' title="bbox 140 4557 1769 4660; baseline 0.001 -26"><span class='ocrx_word' id='word_1_263' title='bbox 140 4560 211 4651; x_wconf 78' lang='lat' dir='ltr'><em>vit,</em></span> <span class='ocrx_word' id='word_1_264' title='bbox 227 4561 386 4658; x_wconf 74' lang='lat' dir='ltr'><em>qvidqve</em></span> <span class='ocrx_word' id='word_1_265' title='bbox 391 4572 545 4656; x_wconf 92' lang='lat' dir='ltr'><em>gestum</em></span> <span class='ocrx_word' id='word_1_266' title='bbox 562 4569 660 4632; x_wconf 86' lang='lat' dir='ltr'><em>esset</em></span> <span class='ocrx_word' id='word_1_267' title='bbox 670 4557 773 4630; x_wconf 91' lang='lat' dir='ltr'><em>inter</em></span> <span class='ocrx_word' id='word_1_268' title='bbox 783 4558 951 4654; x_wconf 82' lang='lat' dir='ltr'><em>rogavit.</em></span> <span class='ocrx_word' id='word_1_269' title='bbox 982 4557 1211 4655; x_wconf 82' lang='lat' dir='ltr'><em>Tlsorgiisus</em></span> <span class='ocrx_word' id='word_1_270' title='bbox 1228 4559 1432 4633; x_wconf 86' lang='lat' dir='ltr'><em>Gudrunoe</em></span> <span class='ocrx_word' id='word_1_271' title='bbox 1441 4563 1645 4660; x_wconf 84' lang='lat' dir='ltr'><em>respondit</em></span> <span class='ocrx_word' id='word_1_272' title='bbox 1652 4566 1769 4636; x_wconf 88' lang='lat' dir='ltr'><em>solu-</em></span> 
     </span>
     <span class='ocr_line' id='line_1_31' title="bbox 143 4687 1768 4778; baseline 0.004 -13"><span class='ocrx_word' id='word_1_273' title='bbox 143 4692 310 4765; x_wconf 76' lang='lat' dir='ltr'><em>lationi:</em></span> <span class='ocrx_word' id='word_1_274' title='bbox 343 4693 570 4766; x_wconf 83' lang='lat' dir='ltr'><em>Amiculum</em></span> <span class='ocrx_word' id='word_1_275' title='bbox 599 4704 681 4764; x_wconf 89' lang='lat' dir='ltr'><em>tum</em></span> <span class='ocrx_word' id='word_1_276' title='bbox 703 4715 751 4762; x_wconf 91' lang='lat' dir='ltr'><em>ac</em></span> <span class='ocrx_word' id='word_1_277' title='bbox 774 4715 888 4763; x_wconf 89' lang='lat' dir='ltr'><em>orma</em></span> <span class='ocrx_word' id='word_1_278' title='bbox 907 4701 1088 4778; x_wconf 77' lang='lat' dir='ltr'><em>exuerat,</em></span> <span class='ocrx_word' id='word_1_279' title='bbox 1119 4687 1158 4762; x_wconf 70' lang='grc'><em>8(</em></span> <span class='ocrx_word' id='word_1_280' title='bbox 1180 4692 1370 4765; x_wconf 87' lang='lat' dir='ltr'><em>columnis</em></span> <span class='ocrx_word' id='word_1_281' title='bbox 1400 4695 1566 4767; x_wconf 86' lang='lat' dir='ltr'><em>acclinis</em></span> <span class='ocrx_word' id='word_1_282' title='bbox 1586 4698 1768 4771; x_wconf 85' lang='lat' dir='ltr'><em>consedit.</em></span> 
     </span>
     <span class='ocr_line' id='line_1_32' title="bbox 150 4823 1794 4928; baseline 0.004 -28"><span class='ocrx_word' id='word_1_283' title='bbox 150 4827 380 4922; x_wconf 77' lang='lat' dir='ltr'><em>Tltorgilsus</em></span> <span class='ocrx_word' id='word_1_284' title='bbox 403 4827 537 4898; x_wconf 85' lang='lat' dir='ltr'><em>tunica</em></span> <span class='ocrx_word' id='word_1_285' title='bbox 555 4839 643 4899; x_wconf 87' lang='lat' dir='ltr'><em>erat</em></span> <span class='ocrx_word' id='word_1_286' title='bbox 669 4828 830 4900; x_wconf 87' lang='lat' dir='ltr'><em>indutus</em></span> <span class='ocrx_word' id='word_1_287' title='bbox 854 4826 982 4900; x_wconf 88' lang='lat' dir='ltr'><em>colore</em></span> <span class='ocrx_word' id='word_1_288' title='bbox 1001 4823 1251 4924; x_wconf 83' lang='lat' dir='ltr'><em>ferruginea,</em></span> <span class='ocrx_word' id='word_1_289' title='bbox 1285 4851 1335 4900; x_wconf 90' lang='lat' dir='ltr'><em>ac</em></span> <span class='ocrx_word' id='word_1_290' title='bbox 1352 4827 1502 4902; x_wconf 88' lang='lat' dir='ltr'><em>cinctus</em></span> <span class='ocrx_word' id='word_1_291' title='bbox 1521 4842 1609 4901; x_wconf 88' lang='lat' dir='ltr'><em>erat</em></span> <span class='ocrx_word' id='word_1_292' title='bbox 1624 4855 1768 4928; x_wconf 89' lang='lat' dir='ltr'><em>magno</em></span> <span class='ocrx_word' id='word_1_293' title='bbox 1792 4827 1794 4831; x_wconf 63' lang='grc'><strong>’</strong></span> 
     </span>
    </p>
   </div>
   <div class='ocr_carea' id='block_1_5' title="bbox 1362 4961 1570 5040">
    <p class='ocr_par' dir='ltr' id='par_1_6' title="bbox 1362 4961 1570 5040">
     <span class='ocr_line' id='line_1_33' title="bbox 1362 4961 1570 5040; baseline -0.038 0"><span class='ocrx_word' id='word_1_294' title='bbox 1362 4969 1390 5040; x_wconf 67' lang='lat' dir='ltr'><strong><em>J</em></strong></span> <span class='ocrx_word' id='word_1_295' title='bbox 1451 4961 1570 5034; x_wconf 83' lang='lat' dir='ltr'><em>Nus</em></span> 
     </span>
    </p>
   </div>
   <div class='ocr_carea' id='block_1_6' title="bbox 0 0 2328 5844">
    <p class='ocr_par' dir='ltr' id='par_1_7' title="bbox 0 0 2328 5844">
     <span class='ocr_line' id='line_1_34' title="bbox 0 0 2328 5844; baseline 0 0"><span class='ocrx_word' id='word_1_296' title='bbox 0 0 2328 5844; x_wconf 95' lang='lat' dir='ltr'><em> </em></span> 
     </span>
    </p>
   </div>
  </div>
 </body>
</html>
