4636 5832
1045 462 1099 538 IX

276 727 344 819 ris'
372 740 550 834 essent,
583 729 630 822 et
656 714 849 840 qvidem
879 743 908 804 a
935 714 1060 808 villis
1091 713 1637 844 aliqvanmmremotae.”
1693 724 1745 817 Ρ.
1760 749 1864 829 228:

278 873 431 962 ”Tum
480 870 533 956 in
570 860 708 956 Dalis
757 857 943 952 nullum
985 858 1219 986 templum
1258 881 1360 953 erat
1394 871 1725 963 exstructum.''
1780 876 1867 964 ‘In‘

276 1009 611 1139 Genealogiis,
677 1035 794 1131 quas
822 1011 991 1098 noster
1020 1035 1157 1098 more
1184 1001 1485 1100 islandorum
1513 1011 1658 1108 solito
1693 1012 1868 1113 identi-

275 1157 389 1254 dem
432 1153 591 1272 offert,
652 1145 938 1246 offendimus
970 1184 1020 1278 p.
1061 1175 1143 1255 229
1173 1151 1437 1244 Eisteinum
1480 1155 1540 1248 ab
1583 1190 1712 1254 anno
1757 1185 1867 1266 1161·

273 1301 702 1430 archiepiscopum
742 1293 1000 1415 Nidrosiae,
1061 1317 1192 1425 etp
1231 1319 1315 1398 333
1356 1297 1588 1393 Ketillum
1626 1305 1868 1426 abbatem,

277 1453 360 1578 qvi
392 1448 454 1542 ab
476 1478 637 1542 anno
647 1445 764 1548 1221
779 1445 1103 1538 monasterio
1113 1437 1458 1571 Helgafellensi
1490 1445 1692 1568 praefuit
1750 1455 1866 1547 Duo

276 1575 448 1694 saltem
490 1611 824 1718 stemmatap·
870 1613 968 1692 120
988 1609 1117 1713 etp
1144 1601 1239 1690 333
1280 1603 1488 1756 quatuor
1528 1600 1868 1720 generationes

277 1763 530 1838 recensent
569 1736 684 1834 inde
723 1768 754 1831 a
792 1733 947 1831 Bollio
983 1731 1125 1827 Bollii
1159 1731 1284 1851 filio,
1345 1739 1480 1858 cujus
1515 1769 1592 1833 res
1627 1763 1770 1868 gestae
1806 1741 1869 1836 ad

277 1887 461 1984 calcem
510 1885 724 1979 historia
766 1905 943 1978 nostrae
990 1902 1294 2052 enarrantur,
1356 1903 1528 1978 caetera
1567 1917 1684 1982 vero
1726 1909 1869 1984 stem-

275 2056 406 2134 mata
432 2031 664 2131 maturius
672 2027 932 2126 Qdesinunt
1857 2112 1862 2124 .

356 2179 380 2220 ³·
473 2184 565 2272 De
575 2182 824 2308 regione,
870 2179 923 2266 in
953 2201 1046 2300 qva
1072 2171 1278 2268 historia
1310 2183 1479 2267 nostra
1505 2107 1603 2270 fuit
1626 2117 1867 2296 confecta,-

267 2323 426 2422 ,multo
468 2327 664 2420 brevior
692 2326 782 2419 erit
812 2321 1090 2446 disputatio.
1129 2321 1305 2412 Totus
1337 2323 1566 2414 nimirum
1596 2344 1668 2416 est
1697 2339 1867 2418 auctor

222 2461 227 2472 ’
273 2476 327 2566 in
353 2471 497 2566 rebus
524 2475 669 2566 unius
699 2471 874 2596 gentis,
933 2469 1077 2560 unius
1107 2484 1309 2582 tractus,
1372 2467 1665 2562 enarrandis.
1742 2474 1868 2568 Tam

274 2639 497 2714 accurate
537 2637 585 2715 et
620 2620 765 2710 situm
800 2613 1050 2726 locorum,
1112 2613 1407 2736 errationes
1451 2616 1680 2708 itinerum
1711 2628 1863 2732 notat,

271 2785 371 2858 tam
397 2759 560 2860 vivide
594 2759 824 2855 describit
854 2781 1011 2854 totum
1038 2758 1311 2875 hominum,
1336 2788 1471 2886 qvos
1502 2783 1695 2892 agentes
1713 2763 1869 2856 indu·

274 2912 361 3022 cit,
392 2906 638 3023 habitum,
670 2927 828 2997 utres
859 2935 962 2998 non
990 2902 1150 2996 solum
1176 2908 1358 3029 patrias
1387 2903 1648 3010 sedetiam
1677 2906 1868 3036 gentili·

271 3055 363 3145 tias
392 3046 880 3175 posteris'mandasse
907 3045 1148 3155 videatur3
1185 3053 1287 3166 qvis
1316 3081 1432 3144 vero
1463 3049 1546 3144 ille
1573 3050 1742 3170 fuerit,
1773 3081 1866 3148 nos

276 3198 476 3290 omnino
516 3188 647 3284 lates
744 3181 980 3282 Nonnulli
1022 3186 1215 3311 qvidem
1253 3207 1641 3308 autumaverunt,
1695 3200 1866 3288 Arium

271 3338 589 3452 Multiscium,
656 3335 894 3460 primum
910 3333 1036 3422 inter
1079 3321 1299 3424 Islandos
1345 3337 1656 3458 scriptorem,
1700 3337 1864 3461 hujus

275 3515 461 3624 qvoqve
491 3479 604 3573 libri
634 3497 882 3573 auctorem
908 3474 1128 3592 hussen,
1159 3471 1247 3569 sed
1274 3480 1356 3570 vix
1382 3475 1483 3571 ulla
1512 3477 1608 3572 alia
1624 3475 1690 3575 de
1704 3511 1862 3594 causa,

272 3634 368 3724 nisi
408 3621 539 3754 qvod
576 3626 718 3718 Arius
757 3643 950 3718 atavum
995 3618 1222 3715 habuerit
1258 3621 1581 3743 Thorkelem,
1642 3626 1865 3736 ultimum

182 3845 189 3852 -
274 3773 517 3869 Gudrunoe
544 3769 781 3864 maritum.
860 3767 963 3862 Nec
988 3769 1163 3860 mirum
1190 3799 1307 3861 sane
1335 3766 1671 3894 plerarumqve
1701 3769 1762 3866 de
1789 3805 1866 3868 re·

273 3923 364 4030 bus
387 3916 632 4012 islandicis
659 3914 992 4009 narrationum
1018 3932 1238 4006 auctores
1267 3911 1414 4037 plane
1445 3946 1537 4009 nos
1569 3915 1731 4014 latere.
1788 3916 1863 4012 llli

274 4037 425 4181 enim,
468 4067 550 4189 'qvi
576 4089 650 4154 res
682 4058 920 4180 maiorum
953 4055 1304 4184 gestas'litteris
1334 4063 1759 4190 consignaverunt,
1803 4059 1863 4154 li-

274 4209 545 4306 brariorum
571 4206 731 4332 magis
768 4233 911 4328 qvam
955 4222 1209 4296 auctorum
1241 4199 1595 4336 partesjegisse‘,
1621 4205 1860 4324 videntur,

276 4354 744 4472 dum'narrationas,
788 4377 927 4473 qvas,
963 4350 1204 4444 continua
1223 4353 1458 4448 orationis
1487 4355 1861 4481 serie'compre·
1920 4377 1923 4382 ’

261 4799 264 4809 ⁸
357 4721 390 4812 *J
409 4719 481 4790 Cir.
507 4717 549 4787 E.
577 4718 616 4787 C.
639 4708 808 4784 Werlauii
835 4711 878 4781 de
900 4711 983 4784 Ario
1004 4711 1171 4784 Multiscio
1201 4717 1424 4811 antiqvissimo
1450 4713 1660 4790 blandorum
1690 4723 1858 4794 historico·
1925 4747 1929 4760 ·

404 4825 539 4894 Hernitc
562 4835 643 4894 1800
663 4843 698 4916 p.
721 4831 772 4888 03.
844 4835 851 4846 ”

1599 4936 1653 4998 (ι)
