4638 5844
880 507 1104 632 „sss-

169 769 259 864 juit
277 789 405 855 carus,
433 763 477 836 'ut
492 759 685 836 Gunnoro
700 755 812 856 qva'm
828 754 1002 852 primum
1020 754 1145 828 occiso
1162 733 1330 828 manime
1350 753 1530 844 latores,
1554 749 1704 836 &sone
1718 763 1800 837 lrac

173 905 311 999 hyeme
321 899 491 993 Helgt'us
504 920 610 970 meus
627 893 909 966 maritueame
923 891 1130 988 diligenter
1145 887 1409 986 praecavebat,
1431 889 1797 992 bencenim'cogno-

171 1035 230 1109 vit
243 1031 436 1125 Gunnari
456 1041 617 1100 mortem
637 1025 735 1098 mint
758 1049 841 1098 esse
858 1036 1106 1120 exoptatam,
1138 1049 1250 1126 qvam
1254 1026 1346 1120 jam
1373 1024 1519 1118 qvidem
1545 1032 1794 1124 qvoerendam

175 1191 307 1239 censeo
327 1176 533 1259 anteqvam
554 1161 647 1232 lsinc
670 1157 801 1232 abeas.
852 1157 960 1229 Dein
980 1155 1174 1252 Bjarnius
1192 1181 1277 1228 cum
1293 1157 1374 1240 suis
1392 1157 1443 1229 ab
1467 1161 1572 1256 equis
1596 1163 1794 1236 descendit

172 1293 213 1372 ἃ
245 1297 359 1369 lrio
335 1321 425 1418 jam
451 1293 711 1422 pernoctavit.
800 1279 897 1364 Tum
932 1277 1127 1362 'Ibordisa
1162 1289 1310 1406 duobus
1345 1315 1421 1386 per
1450 1293 1621 1366 vicinam
1658 1297 1791 1392 regio-

97 1445 107 1456 “
170 1455 260 1506 nem
277 1409 590 1513 missionunliis,
612 1405 870 1498 bomineead
883 1449 922 1497 ee
945 1401 1194 1516 convocavit5
1222 1435 1382 1520 postero
1399 1426 1461 1495 dre
1478 1427 1556 1498 XL
1583 1427 1792 1523 viriapud

173 1587 261 1637 earn
276 1574 393 1636 erant
413 1559 651 1656 congregati.
704 1557 900 1654 Bjarnius
917 1579 1002 1628 cum
1018 1569 1139 1631 vestes
1156 1557 1371 1630 induisset.
1396 1559 1505 1654 jam,
1534 1562 1678 1656 inqvit,
1703 1587 1791 1634 mea

173 1721 305 1788 soror,
338 1696 572 1766 Gunnorum
589 1688 700 1762 nobis
727 1689 852 1760 trade.
906 1690 989 1762 Illa
1007 1689 1232 1788 respondit:
1255 1691 1383 1762 Haud
1398 1716 1492 1762 sane
1508 1693 1699 1788 intelligo,
1719 1717 1789 1767 cur

172 1831 269 1903 talis
285 1827 412 1901 sorori
427 1824 577 1898 veneris
589 1820 751 1918 hospes,
784 1832 829 1891 ut
840 1821 950 1894 illius
967 1823 1079 1896 rebus
1098 1836 1181 1896 tam
1205 1824 1310 1896 male
1323 1827 1522 1896 consulere
1531 1850 1609 1896 non
1625 1827 1788 1918 dubites,

83 2037 89 2046 ,
170 1964 286 2036 illum
303 1961 440 2050 virum,
467 1982 574 2053 qvem
593 1955 734 2066 conjux
751 1979 846 2026 meae
859 1955 1068 2028 mandavit
1087 1955 1286 2045 custodia,
1314 1955 1386 2026 tibi
1407 1959 1463 2026 ad
1477 1981 1604 2028 necem
1623 1961 1788 2032 traden-

169 2099 380 2178 dumesse,
407 2083 701 2162 contendendo?
739 2085 868 2158 Haud
901 2088 1076 2184 eqvidem
1094 2089 1170 2158 tali
1196 2089 1310 2172 modo
1329 2089 1555 2182 declarabo,
1588 2114 1695 2186 qvem
1717 2117 1787 2190 ego

166 2241 338 2303 vestrum
350 2223 486 2320 pluris
496 2221 648 2313 faciam
654 2245 669 2311 ,·
704 2222 870 2317 necjam
888 2221 1106 2292 Gunnarus
1121 2220 1163 2292 in
1185 2233 1295 2292 tuam
1313 2230 1549 2317 potestatem
1570 2226 1783 2319 perveniet,

163 2371 316 2458 prater
331 2347 498 2429 multum
513 2354 785 2450 molesturnqve
810 2355 1017 2450 negotium:
1074 2353 1170 2426 Tum
1187 2351 1401 2451 Bjornius:
1433 2355 1524 2427 lam
1538 2380 1617 2446 res,
1645 2357 1783 2453 inavit,

168 2511 256 2565 cum
274 2494 364 2564 dolo
377 2501 582 2586 geruntur,
609 2482 648 2560 8(
661 2487 841 2560 besterna
858 2489 1008 2584 qvidem
1024 2487 1098 2576 die,
1126 2486 1261 2581 lepida
1279 2507 1401 2576 soror,
1417 2485 1503 2557 alia
1518 2501 1634 2586 atqve
1650 2491 1784 2562 animo

165 2628 337 2713 inerant,
352 2620 602 2718 depromeisti
616 2590 819 2716 colloqvia.
870 2619 1170 2714 Indijarnius
1187 2621 1340 2691 domum
1356 2643 1449 2714 eqvo
1465 2621 1630 2694 vehitur.
1686 2622 1784 2694 ’.Ῑιιηι

170 2751 366 2830 ’Πιονᾰίια
388 2754 614 2828 solitarium
637 2754 872 2841 cubiculum,
907 2749 974 2822 ubi
993 2753 1208 2822 Gunnarus
1222 2751 1474 2838 morabatur,
1498 2754 1695 2848 ingressa:
1728 2761 1783 2826 an

164 2892 326 2995 placet,
362 2887 503 2984 inavit,
530 2888 619 2982 jam
648 2887 689 2956 in
710 2884 873 2978 Bjarnii
890 2894 1126 2984 potestatem
1149 2881 1383 2980 pervenire?
1422 2887 1637 2958 Gannarus
1660 2887 1782 2958 dixit:

164 3019 396 3120 boudfieret
412 3022 495 3116 ejas
509 3016 569 3089 rei
580 3017 817 3112 periculum,
843 3015 879 3084 st
893 3016 1063 3112 Helgius
1086 3018 1191 3088 dorni
1208 3020 1371 3089 adesset.
1433 3019 1514 3090 Nec
1536 3020 1782 3116 qvidemjam

156 3155 252 3252 fiet,
266 3144 475 3250 ¹respondit
489 3150 694 3224 Tbordisa.
731 3147 946 3220 Gannarus
966 3129 1030 3218 illi
1045 3145 1140 3245 [pro
1154 3143 1325 3244 auxilio]
1334 3151 1414 3246 egit
1426 3152 1597 3245 gratias.
1636 3155 1783 3224 Postea

166 3289 338 3384 Helgius
356 3285 476 3358 rediit
493 3269 667 3371 domurn,
700 3283 835 3378 nisque
854 3280 1029 3354 omnibus
1050 3305 1131 3379 qvco
1145 3296 1256 3378 gesta
1282 3295 1398 3357 erant
1415 3284 1643 3379 compertis,
1679 3283 1781 3374 novi,

167 3422 309 3519 inqv'it,
334 3403 758 3514 'rne'pr's'n'stanli'usum
776 3410 974 3511 conjugi05
1002 3409 1124 3493 'leolor
1144 3413 1245 3513 qvod
1267 3417 1341 3486 illa
1357 3419 1513 3512 generis
1535 3415 1782 3488 nobilitatem
1900 3501 1902 3510 .

166 3553 443 3652 comprobavit.
510 3551 632 3622 Hanc
664 3562 842 3622 testatem
877 3548 1094 3620 Gunnarus
1134 3551 1247 3644 apud
1283 3551 1473 3644 Helgium
1510 3561 1782 3639 commoratus,

165 3692 208 3763 in
234 3685 402 3758 comitiis
418 3683 594 3778 publicis
623 3681 742 3754 exilio
770 3693 828 3752 est
852 3685 1058 3755 multatus.
1132 3681 1334 3754 Tlrorkillo
1370 3683 1533 3755 Geitiris
1556 3683 1647 3778 filio
1684 3707 1787 3781 sup·
1864 3727 1868 3736 ·

161 3820 328 3919 plicium
349 3825 560 3909 expetente.
638 3814 733 3884 Tum
758 3827 905 3910 coeptee
928 3816 1067 3909 Helgii
1090 3811 1298 3908 Aebjbrnis
1330 3813 1408 3903 filii
1432 3812 1470 3887 &
1496 3818 1623 3888 Grimi
1642 3818 1785 3908 Drop-

166 3957 298 4049 laugae
317 3947 402 4078 filil
427 3947 661 4016 simultates.
738 3947 885 4041 Helgio
910 3947 1043 4019 autem
1074 3945 1221 4031 occiso,
1257 3946 1365 4014 misit
1397 3948 1590 4019 Tbordisa
1608 3949 1784 4016 Ganna-

166 4111 253 4160 rum
290 4086 332 4154 in
370 4079 586 4176 regionem
599 4077 819 4149 occidental
803 4079 877 4150 lem
900 4077 1194 4174 Helgafellum,
1236 4075 1507 4174 Gudrunoeqve
1537 4077 1656 4172 osoist
1679 4076 1784 4171 filiae

166 4217 299 4291 tutelae
318 4211 580 4286 demandavit.
642 4211 762 4298 Qval
747 4236 762 4281 ι
781 4213 995 4283 Gannarus
1017 4237 1044 4283 a
1075 4210 1269 4283 tuorttsa
1294 4208 1579 4306 benignitotate
1601 4223 1658 4284 est
1683 4208 1785 4286 mis·-
1852 4275 1855 4285 .

166 4377 231 4423 sus
263 4349 339 4420 tali
369 4343 408 4419 bt
436 4371 463 4417 ιι
488 4345 683 4416 Gudruna
722 4356 904 4441 exceptus
929 4355 999 4416 est.
1067 4345 1222 4415 Hares
1253 4346 1382 4416 eodem
1395 4346 1488 4438 fere
1516 4359 1688 4442 tempore
1708 4353 1786 4442 gei

165 4482 375 4567 rebantur,
407 4503 479 4574 qvo
503 4475 727 4549 Thorbillas
742 4477 875 4575 Eyolfi
878 4477 996 4571 filius
1010 4501 1096 4549 eam
1112 4479 1367 4575 desponsavit
1385 4479 1471 4549 sibi.
1532 4483 1626 4553 Hac
1643 4476 1681 4551 ἃ
1693 4479 1785 4574 jam

166 4626 305 4688 astate
324 4611 549 4684 leorkillus
567 4608 730 4680 Geltiris
735 4605 850 4704 filius
867 4609 1130 4684 Niardvilam
1143 4636 1249 4708 eqvee
1268 4613 1372 4685 venit
1390 4626 1435 4683 ut
1454 4615 1512 4686 rei
1535 4615 1636 4686 bona
1658 4631 1789 4682 secum

165 4749 355 4836 auferret.
406 4745 577 4841 Eyolsus
605 4743 731 4816 dixit:
756 4744 862 4816 bano
880 4745 1030 4841 qvidem
1043 4745 1254 4841 pecuniam
1268 4747 1435 4818 multum
1453 4748 1611 4839 censeri,
1635 4763 1786 4816 omnem

165 4905 255 4958 vero
274 4905 320 4954 ex
337 4878 523 4952 Islondia
545 4901 627 4952 esse
645 4891 833 4968 avectam,
859 4901 927 4952 nec
942 4881 1177 4976 nummulus,
1201 4881 1335 4980 inqvit,
1352 4883 1392 4954 in
1407 4894 1515 4960 tuom
1534 4879 1788 4975 venictpole-
1845 4932 1848 4940 ,
