4638 5844
863 487 1086 610 ...S-⁹!-

563 735 696 804 Hlusto
719 757 837 828 grunn
856 725 923 807 vi&
937 734 1166 816 hravnnom3

560 866 675 936 Hlsut
698 867 813 936 innan
841 863 904 938 ssi
930 868 1097 938 mianum
1113 863 1160 964 *).

429 1066 461 1134 Ι.
478 1089 508 1135 e.
561 1065 660 1134 Loti
680 1065 718 1136 V
720 1065 830 1134 imroe
846 1065 939 1134 vadi
956 1077 1223 1159 transgressor
1235 1059 1290 1158 **)

558 1193 628 1267 Ad
642 1197 838 1267 undarum
856 1219 1017 1291 aggeres
1040 1193 1246 1290 (pressum)

433 1393 437 1402 .
563 1328 693 1423 Caput
712 1329 863 1398 corusci
878 1328 1069 1422 serpentis
1088 1327 1322 1398 abscidit-
1380 1411 1387 1422 ι

561 1462 662 1531 Hac
679 1461 785 1530 intus
801 1461 973 1530 carmine
988 1483 1254 1531 memoramus.

165 1589 229 1662 De
246 1588 365 1662 Ttori
380 1591 590 1664 certamine
606 1617 691 1663 cum
704 1593 868 1688 gigante
885 1591 934 1661 H
925 1614 1060 1686 ymere
1083 1615 1238 1686 sequens
1264 1590 1351 1687 ogit
1373 1592 1697 1691 hemistroplrium
1708 1629 1718 1670 .·

559 1724 787 1819 Fvllsvssugr
809 1725 859 1794 le't
876 1724 975 1794 tellis

450 1845 468 1928 ’.
558 1857 759 1949 Fiallgauts
781 1853 893 1925 hneia
919 1855 1063 1943 skiolia,

561 1989 672 2058 Ramt
687 1988 786 2056 mein
809 2009 881 2086 var
897 1996 977 2072 pat,
1002 1985 1109 2080 reyni

537 2121 807 2216 *Reyrsrleggs
826 2111 891 2192 viis
909 2142 999 2212 eyra
1014 2114 1101 2214 ***).

505 2341 537 2394 o:
564 2321 760 2415 Perqaam
773 2319 931 2390 validus
946 2315 1168 2387 monticola
1181 2326 1411 2408 prostrator

559 2454 720 2546 Pugnos
736 2451 856 2520 allidi
873 2449 980 2540 fecit

559 2579 666 2654 Auri
682 2579 821 2678 (gena)
839 2581 995 2652 arboris
1016 2580 1146 2653 trunci
1177 2583 1388 2654 tentatoris
1404 2621 1453 2640 -··

562 2714 614 2783 Id
632 2717 816 2786 domnum
834 2713 1014 2785 acerbum
1040 2715 1192 2787 evasit!

362 2849 425 2918 111.
478 2847 683 2941 Leguntur
703 2847 897 2942 seqrentia
924 2845 966 2916 in
984 2847 1133 2917 Slalda
1154 2845 1258 2917 inter
1275 2847 1454 2940 poeticas
1469 2847 1694 2925 Heimdolli
1713 2857 1783 2929 de-

167 2979 453 3053 nominationes
464 2975 572 3074 (pag.
592 2976 693 3074 107).
749 2979 842 3048 ”Est
858 2976 1058 3074 [vocatur]
1073 2953 1220 3050 Isokius
1237 3003 1413 3052 accessor
1429 2985 1583 3079 scopuli
1601 2983 1778 3084 (marini)

168 3115 264 3185 dicti
278 3112 466 3206 Vogsskcr
483 3107 521 3182 8<
542 3123 665 3204 petra
687 3110 923 3205 Singasteinn
950 3110 1193 3205 appellotoe3
1226 3123 1309 3182 turn
1330 3135 1416 3194 cum
1432 3117 1556 3185 Lokio
1580 3119 1627 3188 de
1646 3124 1785 3196 monil'

168 3251 337 3342 (Freyoe)
352 3245 576 3339 Brisingico
599 3244 805 3337 contendit}
824 3243 917 3329 (sive
931 3234 1163 3315 *altercatus
1182 3251 1265 3326 est).
1325 3246 1442 3337 Ulsus
1469 3248 1586 3342 Uggii
1607 3250 1784 3342 filius'de

167 3381 243 3449 lsoc
259 3402 301 3450 re
315 3377 521 3473 prolixam
545 3377 710 3468 confecit
727 3377 931 3474 episoden,
962 3377 1004 3447 in
1026 3377 1200 3449 carmine
1223 3401 1294 3448 suo
1317 3375 1539 3474 Hasdrtpa,
1573 3381 1639 3454 ubi
1665 3387 1786 3476 etiam

168 3521 422 3583 memoratur:
460 3513 558 3608 qaod
580 3522 672 3582 tunc
701 3511 814 3582 ambo
838 3511 905 3582 isti
916 3511 1138 3608 phocarum
1155 3510 1341 3582 assumtis
1348 3511 1498 3604 formis
1518 3513 1581 3584 usi
1595 3513 1787 3604 fuerint.”

170 3646 417 3737 Paullopost
427 3655 533 3738 (pag.
545 3646 629 3728 106)
648 3646 751 3716 inter
759 3645 875 3716 Lotis·
889 3646 1181 3742 appellationes
1201 3644 1284 3736 leuc
1296 3644 1516 3717 invenitur:
1550 3649 1788 3721 ”Hostiliter

170 3778 371 3847 altercans
385 3800 469 3845 cum
485 3771 754 3866 Heimdallo,'’
798 3779 968 3872 sequenti
996 3777 1074 3870 Ulfi
1089 3779 1217 3848 nostri
1242 3777 1442 3850 cantilend
1469 3779 1635 3850 additd:

217 4059 246 4144 *)
270 4051 459 4147 Vidgg'mmir
484 4057 704 4124 Vimrar-vaiis
728 4063 806 4122 laust
836 4060 1042 4138 hlustogrunn
1064 4059 1100 4118 at
1125 4059 1249 4118 irinum
1282 4053 1393 4133 aedri,
1435 4054 1488 4121 sits
1511 4057 1703 4141 hravnnum3
1736 4077 1790 4126 sta

306 4145 447 4204 minuma
463 4143 550 4204 hlaut
568 4145 671 4204 innon.

201 4238 247 4342 “j
271 4263 435 4338 Proprius
451 4282 559 4320 sensus
583 4265 609 4320 δε
634 4273 725 4333 ονίιιει
744 4265 828 4322 vocis
842 4247 1032 4346 Vidgy'tnnir
1056 4262 1141 4338 (qva
1164 4257 1292 4317 Slaldoe
1313 4260 1435 4314 auctori
1458 4257 1540 4335 gigas
1570 4259 1693 4332 audiit)
1709 4263 1790 4323 mitt

306 4344 428 4421 quidem
444 4341 658 4402 obscurissimi
674 4348 865 4422 apparent&
884 4345 1052 4402 translatio
1068 4343 1127 4400 illa
1144 4341 1263 4400 idcirco
1273 4359 1335 4416 pro
1351 4337 1438 4396 mersi
1450 4345 1627 4415 conjectura
1646 4342 1789 4403 habenda

304 4455 343 4471 -
362 4428 419 4485 sed
430 4439 510 4486 certe
525 4427 578 4485 tie
598 4428 636 4485 de
656 4429 738 4486 vado
759 4429 863 4485 amnis
881 4430 1002 4487 Virnrco
1026 4425 1124 4504 (quod
1144 4423 1266 4484 Tlsorus
1289 4425 1326 4479 in
1348 4423 1541 4497 expeditione
1572 4427 1617 4483 ad
1640 4427 1789 4486 Geirrcds'

303 4507 488 4570 habitacula
507 4512 695 4581 transierat)
710 4529 808 4568 sernia
817 4509 890 4586 Juit
906 4511 1008 4587 poitoe
1016 4550 1027 4578 ,
1056 4508 1136 4566 unde
1159 4512 1188 4564 is
1212 4505 1302 4562 illam
1320 4505 1385 4562 Dei
1409 4506 1648 4582 appellationem
1666 4515 1786 4567 sumsit.

246 4655 249 4662 ,
305 4593 425 4651 Auctor
437 4594 540 4654 Eddoe
544 4595 691 4669 junioris
699 4597 791 4670 (pag.
804 4599 846 4658 63
844 4595 866 4662 )
878 4591 961 4650 lianc
975 4593 1165 4658 relationem,
1179 4589 1236 4646 sed
1257 4607 1317 4645 reon
1327 4605 1450 4644 corrnen
1460 4575 1676 4674 Hy'misqvida,
1686 4592 1788 4651 Eddoe
1862 4623 1865 4628 ·

304 4678 477 4754 audaciori
492 4681 653 4746 insertum,
684 4673 853 4752 ntamfiste
878 4686 999 4736 secutus
1017 4687 1070 4732 est.

182 4787 248 4870 Ψ)
273 4791 393 4862 Ordine
401 4797 570 4870 prosaico:
600 4791 794 4870 Fullavssugr
817 4789 969 4869 fiollgsutt
988 4787 1076 4850 fellis
1104 4788 1149 4847 lc't
1170 4784 1264 4846 lmefa
1284 4783 1392 4845 skialls
1410 4787 1503 4866 reyni
1520 4788 1717 4866 reyrarleggs
1732 4783 1788 4852 vi&

304 4892 398 4950 ωας
418 4885 498 4934 rsmt
516 4876 598 4935 mein
614 4895 671 4935 var
687 4880 748 4957 pat.
