<?xml version="1.0" encoding="UTF-8"?>
<!DOCTYPE html PUBLIC "-//W3C//DTD XHTML 1.0 Transitional//EN"
    "http://www.w3.org/TR/xhtml1/DTD/xhtml1-transitional.dtd">
<html xmlns="http://www.w3.org/1999/xhtml" xml:lang="en" lang="en">
 <head>
  <title>
</title>
<meta http-equiv="Content-Type" content="text/html;charset=utf-8" />
  <meta name='ocr-system' content='tesseract 3.04.00' />
  <meta name='ocr-capabilities' content='ocr_page ocr_carea ocr_par ocr_line ocrx_word'/>
</head>
<body>
  <div class='ocr_page' id='page_1' title='image "./laxdlasagasiveh00stifgoog_0276.png"; bbox 0 0 4612 5838; ppageno 0'>
   <div class='ocr_carea' id='block_1_1' title="bbox 853 503 1062 630">
    <p class='ocr_par' dir='ltr' id='par_1_1' title="bbox 853 503 1062 630">
     <span class='ocr_line' id='line_1_1' title="bbox 853 503 1062 630; baseline 0 0"><span class='ocrx_word' id='word_1_1' title='bbox 853 503 1062 630; x_wconf 60' lang='lat' dir='ltr'><strong><em>ass.</em></strong></span> 
     </span>
    </p>
   </div>
   <div class='ocr_carea' id='block_1_2' title="bbox 115 751 1824 4424">
    <p class='ocr_par' dir='ltr' id='par_1_2' title="bbox 115 751 1824 4424">
     <span class='ocr_line' id='line_1_2' title="bbox 141 751 1765 851; baseline 0.002 -27"><span class='ocrx_word' id='word_1_2' title='bbox 141 752 210 826; x_wconf 83' lang='lat' dir='ltr'><strong><em>sub</em></strong></span> <span class='ocrx_word' id='word_1_3' title='bbox 225 753 315 826; x_wconf 80' lang='lat' dir='ltr'><strong><em>dica</em></strong></span> <span class='ocrx_word' id='word_1_4' title='bbox 332 752 375 824; x_wconf 81' lang='lat' dir='ltr'><strong><em>in</em></strong></span> <span class='ocrx_word' id='word_1_5' title='bbox 391 751 588 826; x_wconf 83' lang='lat' dir='ltr'><strong><em>montibus</em></strong></span> <span class='ocrx_word' id='word_1_6' title='bbox 614 755 739 848; x_wconf 87' lang='lat' dir='ltr'><strong><em>degit,</em></strong></span> <span class='ocrx_word' id='word_1_7' title='bbox 777 755 869 826; x_wconf 85' lang='lat' dir='ltr'><strong><em>dum</em></strong></span> <span class='ocrx_word' id='word_1_8' title='bbox 886 764 987 826; x_wconf 85' lang='lat' dir='ltr'><strong><em>esset</em></strong></span> <span class='ocrx_word' id='word_1_9' title='bbox 1005 752 1047 824; x_wconf 85' lang='lat' dir='ltr'><strong><em>in</em></strong></span> <span class='ocrx_word' id='word_1_10' title='bbox 1063 752 1191 826; x_wconf 85' lang='lat' dir='ltr'><strong><em>exilio.</em></strong></span> <span class='ocrx_word' id='word_1_11' title='bbox 1244 753 1409 851; x_wconf 77' lang='lat' dir='ltr'><strong><em>Magnae</em></strong></span> <span class='ocrx_word' id='word_1_12' title='bbox 1424 754 1493 826; x_wconf 89' lang='lat' dir='ltr'><strong><em>ille</em></strong></span> <span class='ocrx_word' id='word_1_13' title='bbox 1514 767 1680 829; x_wconf 73' lang='lat' dir='ltr'><strong><em>staturae</em></strong></span> <span class='ocrx_word' id='word_1_14' title='bbox 1703 753 1765 830; x_wconf 81' lang='lat' dir='ltr'><strong><em>cir</em></strong></span> 
     </span>
     <span class='ocr_line' id='line_1_3' title="bbox 141 885 1768 986; baseline 0.001 -32"><span class='ocrx_word' id='word_1_15' title='bbox 141 885 340 976; x_wconf 33' lang='lat' dir='ltr'><strong><em>aelfartis.</em></strong></span> <span class='ocrx_word' id='word_1_16' title='bbox 399 885 525 956; x_wconf 87' lang='lat' dir='ltr'><strong><em>Eidus</em></strong></span> <span class='ocrx_word' id='word_1_17' title='bbox 543 899 662 956; x_wconf 85' lang='lat' dir='ltr'><strong><em>aetute</em></strong></span> <span class='ocrx_word' id='word_1_18' title='bbox 683 899 772 956; x_wconf 86' lang='lat' dir='ltr'><strong><em>erat</em></strong></span> <span class='ocrx_word' id='word_1_19' title='bbox 792 888 1003 957; x_wconf 81' lang='lat' dir='ltr'><strong><em>admodum</em></strong></span> <span class='ocrx_word' id='word_1_20' title='bbox 1023 900 1252 986; x_wconf 82' lang='lat' dir='ltr'><strong><em>provectus,</em></strong></span> <span class='ocrx_word' id='word_1_21' title='bbox 1286 914 1401 986; x_wconf 78' lang='lat' dir='ltr'><strong><em>quum</em></strong></span> <span class='ocrx_word' id='word_1_22' title='bbox 1419 888 1502 960; x_wconf 82' lang='lat' dir='ltr'><strong><em>lroec</em></strong></span> <span class='ocrx_word' id='word_1_23' title='bbox 1521 898 1768 982; x_wconf 74' lang='lat' dir='ltr'><strong><em>gererentur,</em></strong></span> 
     </span>
     <span class='ocr_line' id='line_1_4' title="bbox 140 1016 1763 1114; baseline 0 -23"><span class='ocrx_word' id='word_1_24' title='bbox 140 1029 379 1114; x_wconf 75' lang='lat' dir='ltr'><strong><em>quaprapter</em></strong></span> <span class='ocrx_word' id='word_1_25' title='bbox 401 1019 515 1088; x_wconf 87' lang='lat' dir='ltr'><strong><em>nullu</em></strong></span> <span class='ocrx_word' id='word_1_26' title='bbox 537 1017 781 1114; x_wconf 73' lang='lat' dir='ltr'><strong><em>quaerebatur</em></strong></span> <span class='ocrx_word' id='word_1_27' title='bbox 798 1016 913 1112; x_wconf 79' lang='lat' dir='ltr'><strong><em>liujus</em></strong></span> <span class='ocrx_word' id='word_1_28' title='bbox 932 1019 1050 1088; x_wconf 70' lang='lat' dir='ltr'><strong><em>coedis</em></strong></span> <span class='ocrx_word' id='word_1_29' title='bbox 1067 1021 1254 1092; x_wconf 78' lang='lat' dir='ltr'><strong><em>vindicta.</em></strong></span> <span class='ocrx_word' id='word_1_30' title='bbox 1313 1021 1488 1094; x_wconf 89' lang='lat' dir='ltr'><strong><em>Multum</em></strong></span> <span class='ocrx_word' id='word_1_31' title='bbox 1506 1021 1609 1090; x_wconf 87' lang='lat' dir='ltr'><strong><em>illud</em></strong></span> <span class='ocrx_word' id='word_1_32' title='bbox 1635 1020 1763 1091; x_wconf 82' lang='lat' dir='ltr'><strong><em>Tisar-</em></strong></span> 
     </span>
     <span class='ocr_line' id='line_1_5' title="bbox 138 1147 1758 1246; baseline 0.001 -26"><span class='ocrx_word' id='word_1_33' title='bbox 138 1152 261 1237; x_wconf 79' lang='lat' dir='ltr'><strong><em>kello,</em></strong></span> <span class='ocrx_word' id='word_1_34' title='bbox 286 1147 417 1246; x_wconf 81' lang='lat' dir='ltr'><strong><em>Eyolfi</em></strong></span> <span class='ocrx_word' id='word_1_35' title='bbox 422 1148 534 1243; x_wconf 84' lang='lat' dir='ltr'><strong><em>filio,</em></strong></span> <span class='ocrx_word' id='word_1_36' title='bbox 560 1151 658 1222; x_wconf 79' lang='lat' dir='ltr'><strong><em>vitio</em></strong></span> <span class='ocrx_word' id='word_1_37' title='bbox 668 1173 829 1240; x_wconf 77' lang='lat' dir='ltr'><strong><em>versum,</em></strong></span> <span class='ocrx_word' id='word_1_38' title='bbox 856 1151 954 1244; x_wconf 83' lang='lat' dir='ltr'><strong><em>qvod</em></strong></span> <span class='ocrx_word' id='word_1_39' title='bbox 963 1149 1076 1219; x_wconf 90' lang='lat' dir='ltr'><strong><em>illam</em></strong></span> <span class='ocrx_word' id='word_1_40' title='bbox 1086 1153 1227 1222; x_wconf 88' lang='lat' dir='ltr'><strong><em>caedem</em></strong></span> <span class='ocrx_word' id='word_1_41' title='bbox 1242 1154 1354 1224; x_wconf 85' lang='lat' dir='ltr'><strong><em>lsaud</em></strong></span> <span class='ocrx_word' id='word_1_42' title='bbox 1365 1153 1565 1228; x_wconf 81' lang='lat' dir='ltr'><strong><em>vindicare</em></strong></span> <span class='ocrx_word' id='word_1_43' title='bbox 1575 1155 1758 1223; x_wconf 81' lang='lat' dir='ltr'><strong><em>studeret.</em></strong></span> 
     </span>
     <span class='ocr_line' id='line_1_6' title="bbox 137 1281 1762 1379; baseline 0.002 -26"><span class='ocrx_word' id='word_1_44' title='bbox 137 1283 430 1379; x_wconf 79' lang='lat' dir='ltr'><strong><em>Seqceutevere,</em></strong></span> <span class='ocrx_word' id='word_1_45' title='bbox 457 1307 571 1378; x_wconf 80' lang='lat' dir='ltr'><strong><em>qaum</em></strong></span> <span class='ocrx_word' id='word_1_46' title='bbox 585 1281 782 1352; x_wconf 79' lang='lat' dir='ltr'><strong><em>Tlsorlcelli</em></strong></span> <span class='ocrx_word' id='word_1_47' title='bbox 797 1293 886 1352; x_wconf 89' lang='lat' dir='ltr'><strong><em>erat</em></strong></span> <span class='ocrx_word' id='word_1_48' title='bbox 896 1293 1052 1376; x_wconf 86' lang='lat' dir='ltr'><strong><em>parata</em></strong></span> <span class='ocrx_word' id='word_1_49' title='bbox 1069 1281 1200 1368; x_wconf 81' lang='lat' dir='ltr'><strong><em>navis,</em></strong></span> <span class='ocrx_word' id='word_1_50' title='bbox 1224 1285 1422 1356; x_wconf 79' lang='lat' dir='ltr'><strong><em>meridiem</em></strong></span> <span class='ocrx_word' id='word_1_51' title='bbox 1437 1310 1569 1360; x_wconf 81' lang='lat' dir='ltr'><strong><em>versus</em></strong></span> <span class='ocrx_word' id='word_1_52' title='bbox 1585 1283 1762 1357; x_wconf 85' lang='lat' dir='ltr'><strong><em>Breida-</em></strong></span> 
     </span>
     <span class='ocr_line' id='line_1_7' title="bbox 125 1413 1762 1520; baseline 0.002 -36"><span class='ocrx_word' id='word_1_53' title='bbox 125 1413 304 1508; x_wconf 75' lang='lat' dir='ltr'><strong><em>fidrdum</em></strong></span> <span class='ocrx_word' id='word_1_54' title='bbox 321 1413 477 1510; x_wconf 87' lang='lat' dir='ltr'><strong><em>trajecit</em></strong></span> <span class='ocrx_word' id='word_1_55' title='bbox 485 1440 500 1504; x_wconf 90' lang='lat'><strong><em>‚·</em></strong></span> <span class='ocrx_word' id='word_1_56' title='bbox 526 1439 615 1512; x_wconf 84' lang='lat' dir='ltr'><strong><em>eqoo</em></strong></span> <span class='ocrx_word' id='word_1_57' title='bbox 638 1413 692 1485; x_wconf 87' lang='lat' dir='ltr'><strong><em>ibi</em></strong></span> <span class='ocrx_word' id='word_1_58' title='bbox 715 1426 946 1508; x_wconf 83' lang='lat' dir='ltr'><strong><em>comparato</em></strong></span> <span class='ocrx_word' id='word_1_59' title='bbox 968 1416 1075 1485; x_wconf 88' lang='lat' dir='ltr'><strong><em>solus</em></strong></span> <span class='ocrx_word' id='word_1_60' title='bbox 1104 1414 1195 1486; x_wconf 88' lang='lat' dir='ltr'><strong><em>iude</em></strong></span> <span class='ocrx_word' id='word_1_61' title='bbox 1217 1417 1371 1490; x_wconf 71' lang='lat' dir='ltr'><strong><em>vellitur</em></strong></span> <span class='ocrx_word' id='word_1_62' title='bbox 1399 1418 1510 1490; x_wconf 85' lang='lat' dir='ltr'><strong><em>lcaud</em></strong></span> <span class='ocrx_word' id='word_1_63' title='bbox 1540 1417 1762 1520; x_wconf 82' lang='lat' dir='ltr'><strong><em>intermisso</em></strong></span> 
     </span>
     <span class='ocr_line' id='line_1_8' title="bbox 137 1547 1761 1644; baseline 0.001 -28"><span class='ocrx_word' id='word_1_64' title='bbox 137 1548 280 1618; x_wconf 88' lang='lat' dir='ltr'><strong><em>itinere</em></strong></span> <span class='ocrx_word' id='word_1_65' title='bbox 295 1557 502 1643; x_wconf 77' lang='lat' dir='ltr'><strong><em>antequam</em></strong></span> <span class='ocrx_word' id='word_1_66' title='bbox 520 1547 648 1620; x_wconf 78' lang='lat' dir='ltr'><strong><em>Aoum</em></strong></span> <span class='ocrx_word' id='word_1_67' title='bbox 664 1549 719 1616; x_wconf 85' lang='lat' dir='ltr'><strong><em>ad</em></strong></span> <span class='ocrx_word' id='word_1_68' title='bbox 734 1558 942 1641; x_wconf 86' lang='lat' dir='ltr'><strong><em>cognatum</em></strong></span> <span class='ocrx_word' id='word_1_69' title='bbox 958 1571 1070 1618; x_wconf 84' lang='lat' dir='ltr'><strong><em>suum</em></strong></span> <span class='ocrx_word' id='word_1_70' title='bbox 1087 1547 1230 1620; x_wconf 86' lang='lat' dir='ltr'><strong><em>Eidum</em></strong></span> <span class='ocrx_word' id='word_1_71' title='bbox 1247 1554 1481 1644; x_wconf 79' lang='lat' dir='ltr'><strong><em>perveniret.</em></strong></span> <span class='ocrx_word' id='word_1_72' title='bbox 1544 1551 1681 1622; x_wconf 83' lang='lat' dir='ltr'><strong><em>Loetus</em></strong></span> <span class='ocrx_word' id='word_1_73' title='bbox 1694 1549 1761 1618; x_wconf 85' lang='lat' dir='ltr'><strong><em>il-</em></strong></span> 
     </span>
     <span class='ocr_line' id='line_1_9' title="bbox 138 1677 1759 1776; baseline 0.002 -27"><span class='ocrx_word' id='word_1_74' title='bbox 138 1681 220 1752; x_wconf 89' lang='lat' dir='ltr'><strong><em>lum</em></strong></span> <span class='ocrx_word' id='word_1_75' title='bbox 235 1681 362 1751; x_wconf 85' lang='lat' dir='ltr'><strong><em>Eidus</em></strong></span> <span class='ocrx_word' id='word_1_76' title='bbox 377 1681 539 1776; x_wconf 80' lang='lat' dir='ltr'><strong><em>excepit.</em></strong></span> <span class='ocrx_word' id='word_1_77' title='bbox 597 1681 632 1751; x_wconf 85' lang='lat' dir='ltr'><em>T</em></span> <span class='ocrx_word' id='word_1_78' title='bbox 629 1677 827 1752; x_wconf 83' lang='lat' dir='ltr'><strong><em>lsorkellus</em></strong></span> <span class='ocrx_word' id='word_1_79' title='bbox 843 1681 879 1750; x_wconf 92' lang='lat' dir='ltr'><strong><em>ei</em></strong></span> <span class='ocrx_word' id='word_1_80' title='bbox 885 1681 1081 1775; x_wconf 81' lang='lat' dir='ltr'><strong><em>negotium</em></strong></span> <span class='ocrx_word' id='word_1_81' title='bbox 1097 1705 1210 1752; x_wconf 87' lang='lat' dir='ltr'><strong><em>suum</em></strong></span> <span class='ocrx_word' id='word_1_82' title='bbox 1226 1684 1478 1757; x_wconf 77' lang='lat' dir='ltr'><strong><em>memoravit:</em></strong></span> <span class='ocrx_word' id='word_1_83' title='bbox 1502 1685 1600 1758; x_wconf 79' lang='lat' dir='ltr'><strong><em>velle</em></strong></span> <span class='ocrx_word' id='word_1_84' title='bbox 1610 1707 1650 1752; x_wconf 90' lang='lat' dir='ltr'><strong><em>se</em></strong></span> <span class='ocrx_word' id='word_1_85' title='bbox 1660 1705 1759 1754; x_wconf 76' lang='lat' dir='ltr'><strong><em>ecu-</em></strong></span> 
     </span>
     <span class='ocr_line' id='line_1_10' title="bbox 136 1811 1759 1912; baseline 0.001 -30"><span class='ocrx_word' id='word_1_86' title='bbox 136 1815 211 1884; x_wconf 89' lang='lat' dir='ltr'><strong><em>lem</em></strong></span> <span class='ocrx_word' id='word_1_87' title='bbox 228 1814 454 1906; x_wconf 70' lang='lat' dir='ltr'><strong><em>sylvestrem</em></strong></span> <span class='ocrx_word' id='word_1_88' title='bbox 471 1811 649 1884; x_wconf 87' lang='lat' dir='ltr'><strong><em>Grimum</em></strong></span> <span class='ocrx_word' id='word_1_89' title='bbox 667 1813 868 1885; x_wconf 71' lang='lat' dir='ltr'><strong><em>convenire</em></strong></span> <span class='ocrx_word' id='word_1_90' title='bbox 876 1837 891 1903; x_wconf 88' lang='lat'><strong><em>,·</em></strong></span> <span class='ocrx_word' id='word_1_91' title='bbox 919 1823 1072 1908; x_wconf 75' lang='lat' dir='ltr'><strong><em>tumque</em></strong></span> <span class='ocrx_word' id='word_1_92' title='bbox 1085 1813 1228 1886; x_wconf 87' lang='lat' dir='ltr'><strong><em>Eidum</em></strong></span> <span class='ocrx_word' id='word_1_93' title='bbox 1244 1818 1423 1911; x_wconf 81' lang='lat' dir='ltr'><strong><em>rogavit:</em></strong></span> <span class='ocrx_word' id='word_1_94' title='bbox 1449 1840 1503 1904; x_wconf 81' lang='lat' dir='ltr'><strong><em>an</em></strong></span> <span class='ocrx_word' id='word_1_95' title='bbox 1525 1815 1616 1912; x_wconf 79' lang='lat' dir='ltr'><strong><em>qvid</em></strong></span> <span class='ocrx_word' id='word_1_96' title='bbox 1629 1814 1759 1901; x_wconf 85' lang='lat' dir='ltr'><strong><em>sciret,</em></strong></span> 
     </span>
     <span class='ocr_line' id='line_1_11' title="bbox 133 1943 1757 2042; baseline 0 -28"><span class='ocrx_word' id='word_1_97' title='bbox 133 1943 202 2014; x_wconf 86' lang='lat' dir='ltr'><strong><em>ubi</em></strong></span> <span class='ocrx_word' id='word_1_98' title='bbox 213 1943 656 2015; x_wconf 86' lang='lat' dir='ltr'><strong><em>illiusessetlutibulum.</em></strong></span> <span class='ocrx_word' id='word_1_99' title='bbox 707 1943 832 2016; x_wconf 85' lang='lat' dir='ltr'><strong><em>Eidus</em></strong></span> <span class='ocrx_word' id='word_1_100' title='bbox 842 1943 1066 2038; x_wconf 85' lang='lat' dir='ltr'><strong><em>respondit:</em></strong></span> <span class='ocrx_word' id='word_1_101' title='bbox 1090 1944 1573 2018; x_wconf 76' lang='lat' dir='ltr'><strong><em>lsaudlsoecmilsimultum</em></strong></span> <span class='ocrx_word' id='word_1_102' title='bbox 1579 1947 1757 2042; x_wconf 88' lang='lat' dir='ltr'><strong><em>placent,</em></strong></span> 
     </span>
     <span class='ocr_line' id='line_1_12' title="bbox 132 2073 1756 2172; baseline -0.001 -26"><span class='ocrx_word' id='word_1_103' title='bbox 132 2099 229 2147; x_wconf 83' lang='lat' dir='ltr'><strong><em>nam</em></strong></span> <span class='ocrx_word' id='word_1_104' title='bbox 241 2073 890 2170; x_wconf 78' lang='lat' dir='ltr'><strong><em>magnumcisleristibipericulum</em></strong></span> <span class='ocrx_word' id='word_1_105' title='bbox 898 2076 1100 2166; x_wconf 83' lang='lat' dir='ltr'><strong><em>facessere</em></strong></span> <span class='ocrx_word' id='word_1_106' title='bbox 1113 2075 1186 2146; x_wconf 81' lang='lat' dir='ltr'><strong><em>ltoc</em></strong></span> <span class='ocrx_word' id='word_1_107' title='bbox 1205 2077 1346 2148; x_wconf 88' lang='lat' dir='ltr'><strong><em>itinere</em></strong></span> <span class='ocrx_word' id='word_1_108' title='bbox 1358 2078 1629 2172; x_wconf 87' lang='lat' dir='ltr'><strong><em>suscipiendo‚·</em></strong></span> <span class='ocrx_word' id='word_1_109' title='bbox 1656 2076 1756 2147; x_wconf 86' lang='lat' dir='ltr'><strong><em>Gri-</em></strong></span> 
     </span>
     <span class='ocr_line' id='line_1_13' title="bbox 130 2195 1755 2304; baseline -0.001 -25"><span class='ocrx_word' id='word_1_110' title='bbox 130 2195 331 2280; x_wconf 82' lang='lat' dir='ltr'><strong><em>musenim</em></strong></span> <span class='ocrx_word' id='word_1_111' title='bbox 348 2207 531 2278; x_wconf 88' lang='lat' dir='ltr'><strong><em>immanis</em></strong></span> <span class='ocrx_word' id='word_1_112' title='bbox 548 2219 606 2280; x_wconf 88' lang='lat' dir='ltr'><strong><em>est</em></strong></span> <span class='ocrx_word' id='word_1_113' title='bbox 623 2207 706 2299; x_wconf 82' lang='lat' dir='ltr'><strong><em>cir,·</em></strong></span> <span class='ocrx_word' id='word_1_114' title='bbox 732 2208 767 2278; x_wconf 90' lang='lat' dir='ltr'><strong><em>si</em></strong></span> <span class='ocrx_word' id='word_1_115' title='bbox 781 2231 870 2280; x_wconf 82' lang='lat' dir='ltr'><strong><em>oero</em></strong></span> <span class='ocrx_word' id='word_1_116' title='bbox 881 2205 1081 2304; x_wconf 83' lang='lat' dir='ltr'><strong><em>proficisci</em></strong></span> <span class='ocrx_word' id='word_1_117' title='bbox 1097 2207 1221 2302; x_wconf 83' lang='lat' dir='ltr'><strong><em>cupis,</em></strong></span> <span class='ocrx_word' id='word_1_118' title='bbox 1242 2211 1386 2281; x_wconf 88' lang='lat' dir='ltr'><strong><em>multos</em></strong></span> <span class='ocrx_word' id='word_1_119' title='bbox 1397 2223 1519 2280; x_wconf 86' lang='lat' dir='ltr'><strong><em>tecum</em></strong></span> <span class='ocrx_word' id='word_1_120' title='bbox 1529 2207 1675 2280; x_wconf 77' lang='lat' dir='ltr'><strong><em>habeas</em></strong></span> <span class='ocrx_word' id='word_1_121' title='bbox 1687 2231 1755 2278; x_wconf 89' lang='lat' dir='ltr'><strong><em>co-</em></strong></span> 
     </span>
     <span class='ocr_line' id='line_1_14' title="bbox 127 2315 1752 2437; baseline -0.001 -26"><span class='ocrx_word' id='word_1_122' title='bbox 127 2341 257 2426; x_wconf 87' lang='lat' dir='ltr'><strong><em>mites,</em></strong></span> <span class='ocrx_word' id='word_1_123' title='bbox 271 2352 317 2412; x_wconf 87' lang='lat' dir='ltr'><strong><em>ut</em></strong></span> <span class='ocrx_word' id='word_1_124' title='bbox 327 2337 448 2410; x_wconf 87' lang='lat' dir='ltr'><strong><em>totius</em></strong></span> <span class='ocrx_word' id='word_1_125' title='bbox 455 2339 516 2411; x_wconf 85' lang='lat' dir='ltr'><strong><em>rei</em></strong></span> <span class='ocrx_word' id='word_1_126' title='bbox 517 2363 640 2436; x_wconf 86' lang='lat' dir='ltr'><strong><em>penes</em></strong></span> <span class='ocrx_word' id='word_1_127' title='bbox 651 2339 905 2414; x_wconf 84' lang='lat' dir='ltr'><strong><em>tearbitrium</em></strong></span> <span class='ocrx_word' id='word_1_128' title='bbox 914 2339 977 2410; x_wconf 87' lang='lat' dir='ltr'><strong><em>sit.</em></strong></span> <span class='ocrx_word' id='word_1_129' title='bbox 1009 2339 1250 2431; x_wconf 78' lang='lat' dir='ltr'><strong><em>Thcrlsellus,</em></strong></span> <span class='ocrx_word' id='word_1_130' title='bbox 1264 2315 1477 2437; x_wconf 83' lang='lat' dir='ltr'><strong><em>inglorium</em></strong></span> <span class='ocrx_word' id='word_1_131' title='bbox 1485 2339 1594 2430; x_wconf 85' lang='lat' dir='ltr'><strong><em>milri,</em></strong></span> <span class='ocrx_word' id='word_1_132' title='bbox 1614 2341 1752 2436; x_wconf 71' lang='lat' dir='ltr'><strong><em>inquit,</em></strong></span> 
     </span>
     <span class='ocr_line' id='line_1_15' title="bbox 129 2459 1754 2569; baseline -0.002 -24"><span class='ocrx_word' id='word_1_133' title='bbox 129 2474 289 2546; x_wconf 78' lang='lat' dir='ltr'><strong><em>videtur</em></strong></span> <span class='ocrx_word' id='word_1_134' title='bbox 312 2493 461 2569; x_wconf 84' lang='lat' dir='ltr'><strong><em>magna</em></strong></span> <span class='ocrx_word' id='word_1_135' title='bbox 484 2471 684 2552; x_wconf 75' lang='lat' dir='ltr'><strong><em>hominum</em></strong></span> <span class='ocrx_word' id='word_1_136' title='bbox 707 2459 962 2546; x_wconf 83' lang='lat' dir='ltr'><strong><em>multitudine</em></strong></span> <span class='ocrx_word' id='word_1_137' title='bbox 977 2497 1098 2546; x_wconf 88' lang='lat' dir='ltr'><strong><em>unum</em></strong></span> <span class='ocrx_word' id='word_1_138' title='bbox 1117 2471 1284 2568; x_wconf 81' lang='lat' dir='ltr'><strong><em>aggredi</em></strong></span> <span class='ocrx_word' id='word_1_139' title='bbox 1307 2473 1445 2546; x_wconf 81' lang='lat' dir='ltr'><strong><em>cirum.</em></strong></span> <span class='ocrx_word' id='word_1_140' title='bbox 1496 2475 1601 2546; x_wconf 82' lang='lat' dir='ltr'><strong><em>Sane</em></strong></span> <span class='ocrx_word' id='word_1_141' title='bbox 1620 2485 1754 2545; x_wconf 86' lang='lat' dir='ltr'><strong><em>autem</em></strong></span> 
     </span>
     <span class='ocr_line' id='line_1_16' title="bbox 128 2606 1753 2704; baseline 0 -28"><span class='ocrx_word' id='word_1_142' title='bbox 128 2627 332 2701; x_wconf 84' lang='lat' dir='ltr'><strong><em>superem,</em></strong></span> <span class='ocrx_word' id='word_1_143' title='bbox 363 2618 549 2678; x_wconf 79' lang='lat' dir='ltr'><strong><em>uteusem</em></strong></span> <span class='ocrx_word' id='word_1_144' title='bbox 560 2607 660 2678; x_wconf 77' lang='lat' dir='ltr'><strong><em>milei</em></strong></span> <span class='ocrx_word' id='word_1_145' title='bbox 675 2607 943 2704; x_wconf 70' lang='lat' dir='ltr'><strong><em>Skofnungum</em></strong></span> <span class='ocrx_word' id='word_1_146' title='bbox 961 2609 1156 2692; x_wconf 86' lang='lat' dir='ltr'><strong><em>traderes,</em></strong></span> <span class='ocrx_word' id='word_1_147' title='bbox 1189 2619 1272 2678; x_wconf 89' lang='lat' dir='ltr'><strong><em>tum</em></strong></span> <span class='ocrx_word' id='word_1_148' title='bbox 1288 2607 1392 2678; x_wconf 88' lang='lat' dir='ltr'><strong><em>enim</em></strong></span> <span class='ocrx_word' id='word_1_149' title='bbox 1416 2631 1536 2680; x_wconf 88' lang='lat' dir='ltr'><strong><em>unum</em></strong></span> <span class='ocrx_word' id='word_1_150' title='bbox 1563 2630 1624 2678; x_wconf 85' lang='lat' dir='ltr'><strong><em>rue</em></strong></span> <span class='ocrx_word' id='word_1_151' title='bbox 1650 2606 1753 2676; x_wconf 85' lang='lat' dir='ltr'><strong><em>soli-</em></strong></span> 
     </span>
     <span class='ocr_line' id='line_1_17' title="bbox 128 2737 1767 2842; baseline 0.001 -36"><span class='ocrx_word' id='word_1_152' title='bbox 128 2737 299 2826; x_wconf 86' lang='lat' dir='ltr'><strong><em>tarium,</em></strong></span> <span class='ocrx_word' id='word_1_153' title='bbox 330 2761 487 2834; x_wconf 82' lang='lat' dir='ltr'><strong><em>magnas</em></strong></span> <span class='ocrx_word' id='word_1_154' title='bbox 504 2739 597 2812; x_wconf 89' lang='lat' dir='ltr'><strong><em>licet</em></strong></span> <span class='ocrx_word' id='word_1_155' title='bbox 609 2741 883 2831; x_wconf 79' lang='lat' dir='ltr'><strong><em>strenuitatis,</em></strong></span> <span class='ocrx_word' id='word_1_156' title='bbox 912 2751 1190 2842; x_wconf 87' lang='lat' dir='ltr'><strong><em>superaturum</em></strong></span> <span class='ocrx_word' id='word_1_157' title='bbox 1212 2762 1337 2834; x_wconf 85' lang='lat' dir='ltr'><strong><em>spero.</em></strong></span> <span class='ocrx_word' id='word_1_158' title='bbox 1401 2739 1536 2835; x_wconf 82' lang='lat' dir='ltr'><strong><em>Hujus</em></strong></span> <span class='ocrx_word' id='word_1_159' title='bbox 1554 2738 1614 2809; x_wconf 89' lang='lat' dir='ltr'><strong><em>rei</em></strong></span> <span class='ocrx_word' id='word_1_160' title='bbox 1630 2749 1767 2832; x_wconf 86' lang='lat' dir='ltr'><strong><em>pote-¹</em></strong></span> 
     </span>
     <span class='ocr_line' id='line_1_18' title="bbox 125 2869 1750 2965; baseline 0.001 -27"><span class='ocrx_word' id='word_1_161' title='bbox 125 2881 218 2940; x_wconf 88' lang='lat' dir='ltr'><strong><em>stas</em></strong></span> <span class='ocrx_word' id='word_1_162' title='bbox 228 2891 351 2964; x_wconf 87' lang='lat' dir='ltr'><strong><em>penes</em></strong></span> <span class='ocrx_word' id='word_1_163' title='bbox 370 2881 407 2940; x_wconf 89' lang='lat' dir='ltr'><strong><em>te</em></strong></span> <span class='ocrx_word' id='word_1_164' title='bbox 423 2869 574 2965; x_wconf 71' lang='lat' dir='ltr'><strong><em>quidem</em></strong></span> <span class='ocrx_word' id='word_1_165' title='bbox 591 2871 681 2962; x_wconf 88' lang='lat' dir='ltr'><strong><em>erit,</em></strong></span> <span class='ocrx_word' id='word_1_166' title='bbox 712 2871 814 2944; x_wconf 80' lang='lat' dir='ltr'><strong><em>dixit</em></strong></span> <span class='ocrx_word' id='word_1_167' title='bbox 829 2871 973 2958; x_wconf 87' lang='lat' dir='ltr'><strong><em>Eidus,</em></strong></span> <span class='ocrx_word' id='word_1_168' title='bbox 999 2870 1110 2943; x_wconf 83' lang='lat' dir='ltr'><strong><em>haud</em></strong></span> <span class='ocrx_word' id='word_1_169' title='bbox 1127 2883 1257 2943; x_wconf 89' lang='lat' dir='ltr'><strong><em>tamen</em></strong></span> <span class='ocrx_word' id='word_1_170' title='bbox 1276 2870 1375 2944; x_wconf 84' lang='lat' dir='ltr'><strong><em>milei</em></strong></span> <span class='ocrx_word' id='word_1_171' title='bbox 1389 2872 1467 2942; x_wconf 84' lang='lat' dir='ltr'><strong><em>erit</em></strong></span> <span class='ocrx_word' id='word_1_172' title='bbox 1484 2872 1525 2942; x_wconf 90' lang='lat' dir='ltr'><strong><em>in</em></strong></span> <span class='ocrx_word' id='word_1_173' title='bbox 1542 2881 1750 2965; x_wconf 79' lang='lat' dir='ltr'><strong><em>suspecta-</em></strong></span> 
     </span>
     <span class='ocr_line' id='line_1_19' title="bbox 126 3000 1749 3098; baseline 0.001 -26"><span class='ocrx_word' id='word_1_174' title='bbox 126 3014 233 3092; x_wconf 86' lang='lat' dir='ltr'><strong><em>tum,</em></strong></span> <span class='ocrx_word' id='word_1_175' title='bbox 265 3002 302 3086; x_wconf 84' lang='lat' dir='ltr'><strong><em>si</em></strong></span> <span class='ocrx_word' id='word_1_176' title='bbox 324 3012 362 3073; x_wconf 89' lang='lat' dir='ltr'><strong><em>te</em></strong></span> <span class='ocrx_word' id='word_1_177' title='bbox 384 3013 464 3072; x_wconf 82' lang='lat' dir='ltr'><strong><em>tuoe</em></strong></span> <span class='ocrx_word' id='word_1_178' title='bbox 475 3003 714 3096; x_wconf 75' lang='lat' dir='ltr'><strong><em>pervicacius</em></strong></span> <span class='ocrx_word' id='word_1_179' title='bbox 726 3000 941 3098; x_wconf 71' lang='lat' dir='ltr'><strong><em>aliquando</em></strong></span> <span class='ocrx_word' id='word_1_180' title='bbox 956 3002 1185 3098; x_wconf 81' lang='lat' dir='ltr'><strong><em>poenitebit.</em></strong></span> <span class='ocrx_word' id='word_1_181' title='bbox 1243 3006 1390 3078; x_wconf 87' lang='lat' dir='ltr'><strong><em>Verum</em></strong></span> <span class='ocrx_word' id='word_1_182' title='bbox 1408 3016 1537 3075; x_wconf 87' lang='lat' dir='ltr'><strong><em>tamen</em></strong></span> <span class='ocrx_word' id='word_1_183' title='bbox 1563 3027 1648 3074; x_wconf 90' lang='lat' dir='ltr'><strong><em>curn</em></strong></span> <span class='ocrx_word' id='word_1_184' title='bbox 1665 3003 1749 3075; x_wconf 82' lang='lat' dir='ltr'><strong><em>lcoec</em></strong></span> 
     </span>
     <span class='ocr_line' id='line_1_20' title="bbox 124 3122 1748 3249; baseline 0 -43"><span class='ocrx_word' id='word_1_185' title='bbox 124 3156 216 3207; x_wconf 89' lang='lat' dir='ltr'><strong><em>mea</em></strong></span> <span class='ocrx_word' id='word_1_186' title='bbox 226 3156 368 3204; x_wconf 88' lang='lat' dir='ltr'><strong><em>caussa</em></strong></span> <span class='ocrx_word' id='word_1_187' title='bbox 389 3122 427 3205; x_wconf 82' lang='lat' dir='ltr'><strong><em>te</em></strong></span> <span class='ocrx_word' id='word_1_188' title='bbox 446 3134 642 3229; x_wconf 73' lang='lat' dir='ltr'><strong><em>suscipere</em></strong></span> <span class='ocrx_word' id='word_1_189' title='bbox 658 3143 838 3203; x_wconf 87' lang='lat' dir='ltr'><strong><em>autumes</em></strong></span> <span class='ocrx_word' id='word_1_190' title='bbox 844 3134 974 3222; x_wconf 61' lang='grc' dir='ltr'><strong><em>,νηοῖο</em></strong></span> <span class='ocrx_word' id='word_1_191' title='bbox 989 3132 1146 3204; x_wconf 82' lang='lat' dir='ltr'><strong><em>tibilsac</em></strong></span> <span class='ocrx_word' id='word_1_192' title='bbox 1158 3132 1199 3204; x_wconf 90' lang='lat' dir='ltr'><strong><em>in</em></strong></span> <span class='ocrx_word' id='word_1_193' title='bbox 1208 3156 1252 3204; x_wconf 88' lang='lat' dir='ltr'><strong><em>re</em></strong></span> <span class='ocrx_word' id='word_1_194' title='bbox 1265 3137 1422 3230; x_wconf 87' lang='lat' dir='ltr'><strong><em>negotia</em></strong></span> <span class='ocrx_word' id='word_1_195' title='bbox 1428 3134 1645 3229; x_wconf 79' lang='lat' dir='ltr'><strong><em>perhibere,</em></strong></span> <span class='ocrx_word' id='word_1_196' title='bbox 1667 3159 1748 3249; x_wconf 47' lang='lat' dir='ltr'><strong><em>nec,</em></strong></span> 
     </span>
     <span class='ocr_line' id='line_1_21' title="bbox 125 3261 1747 3364; baseline -0.002 -25"><span class='ocrx_word' id='word_1_197' title='bbox 125 3289 212 3364; x_wconf 80' lang='lat' dir='ltr'><strong><em>qvoe</em></strong></span> <span class='ocrx_word' id='word_1_198' title='bbox 225 3266 433 3363; x_wconf 82' lang='lat' dir='ltr'><strong><em>postulas,</em></strong></span> <span class='ocrx_word' id='word_1_199' title='bbox 458 3267 653 3362; x_wconf 85' lang='lat' dir='ltr'><strong><em>denegare</em></strong></span> <span class='ocrx_word' id='word_1_200' title='bbox 659 3290 674 3355; x_wconf 89' lang='lat'><strong><em>‚·</em></strong></span> <span class='ocrx_word' id='word_1_201' title='bbox 702 3287 797 3337; x_wconf 84' lang='lat' dir='ltr'><strong><em>nam</em></strong></span> <span class='ocrx_word' id='word_1_202' title='bbox 811 3261 903 3336; x_wconf 81' lang='lat' dir='ltr'><strong><em>bene</em></strong></span> <span class='ocrx_word' id='word_1_203' title='bbox 915 3264 1119 3338; x_wconf 78' lang='lat' dir='ltr'><strong><em>convenire</em></strong></span> <span class='ocrx_word' id='word_1_204' title='bbox 1133 3265 1311 3337; x_wconf 84' lang='lat' dir='ltr'><strong><em>existimo</em></strong></span> <span class='ocrx_word' id='word_1_205' title='bbox 1317 3315 1329 3353; x_wconf 93' lang='lat'><em>,</em></span> <span class='ocrx_word' id='word_1_206' title='bbox 1356 3265 1416 3335; x_wconf 90' lang='lat' dir='ltr'><strong><em>uti</em></strong></span> <span class='ocrx_word' id='word_1_207' title='bbox 1427 3277 1469 3336; x_wconf 92' lang='lat' dir='ltr'><strong><em>tu</em></strong></span> <span class='ocrx_word' id='word_1_208' title='bbox 1479 3265 1747 3361; x_wconf 69' lang='lat' dir='ltr'><strong><em>Slbsnungum</em></strong></span> 
     </span>
     <span class='ocr_line' id='line_1_22' title="bbox 119 3395 1747 3494; baseline -0.002 -22"><span class='ocrx_word' id='word_1_209' title='bbox 119 3417 257 3494; x_wconf 81' lang='lat' dir='ltr'><strong><em>geras.</em></strong></span> <span class='ocrx_word' id='word_1_210' title='bbox 314 3399 425 3472; x_wconf 83' lang='lat' dir='ltr'><strong><em>Talis</em></strong></span> <span class='ocrx_word' id='word_1_211' title='bbox 435 3395 705 3494; x_wconf 84' lang='lat' dir='ltr'><strong><em>autemgladr&#39;i</em></strong></span> <span class='ocrx_word' id='word_1_212' title='bbox 711 3409 860 3469; x_wconf 89' lang='lat' dir='ltr'><strong><em>natura</em></strong></span> <span class='ocrx_word' id='word_1_213' title='bbox 868 3407 947 3469; x_wconf 77' lang='lat' dir='ltr'><strong><em>est:</em></strong></span> <span class='ocrx_word' id='word_1_214' title='bbox 971 3396 1436 3494; x_wconf 80' lang='lat' dir='ltr'><strong><em>capuliglobulususolis</em></strong></span> <span class='ocrx_word' id='word_1_215' title='bbox 1445 3398 1574 3470; x_wconf 87' lang='lat' dir='ltr'><strong><em>radiis</em></strong></span> <span class='ocrx_word' id='word_1_216' title='bbox 1588 3419 1747 3470; x_wconf 86' lang='lat' dir='ltr'><strong><em>conser-</em></strong></span> 
     </span>
     <span class='ocr_line' id='line_1_23' title="bbox 122 3526 1745 3629; baseline -0.001 -26"><span class='ocrx_word' id='word_1_217' title='bbox 122 3527 287 3603; x_wconf 78' lang='lat' dir='ltr'><strong><em>vandus·</em></strong></span> <span class='ocrx_word' id='word_1_218' title='bbox 302 3541 381 3623; x_wconf 84' lang='lat' dir='ltr'><strong><em>est,</em></strong></span> <span class='ocrx_word' id='word_1_219' title='bbox 412 3553 483 3604; x_wconf 85' lang='lat' dir='ltr'><strong><em>nec</em></strong></span> <span class='ocrx_word' id='word_1_220' title='bbox 504 3529 652 3627; x_wconf 83' lang='lat' dir='ltr'><strong><em>stringi</em></strong></span> <span class='ocrx_word' id='word_1_221' title='bbox 672 3526 782 3603; x_wconf 82' lang='lat' dir='ltr'><strong><em>debet</em></strong></span> <span class='ocrx_word' id='word_1_222' title='bbox 794 3530 959 3626; x_wconf 80' lang='lat' dir='ltr'><strong><em>gladius</em></strong></span> <span class='ocrx_word' id='word_1_223' title='bbox 975 3529 1017 3600; x_wconf 91' lang='lat' dir='ltr'><strong><em>in</em></strong></span> <span class='ocrx_word' id='word_1_224' title='bbox 1033 3529 1241 3602; x_wconf 86' lang='lat' dir='ltr'><strong><em>mulierum</em></strong></span> <span class='ocrx_word' id='word_1_225' title='bbox 1259 3543 1477 3627; x_wconf 85' lang='lat' dir='ltr'><strong><em>conspectu.</em></strong></span> <span class='ocrx_word' id='word_1_226' title='bbox 1546 3531 1673 3629; x_wconf 74' lang='lat' dir='ltr'><strong><em>Siquis</em></strong></span> <span class='ocrx_word' id='word_1_227' title='bbox 1694 3529 1745 3602; x_wconf 82' lang='lat' dir='ltr'><strong><em>ab</em></strong></span> 
     </span>
     <span class='ocr_line' id='line_1_24' title="bbox 123 3659 1745 3759; baseline 0 -24"><span class='ocrx_word' id='word_1_228' title='bbox 123 3661 263 3736; x_wconf 83' lang='lat' dir='ltr'><strong><em>eodem</em></strong></span> <span class='ocrx_word' id='word_1_229' title='bbox 276 3661 417 3736; x_wconf 77' lang='lat' dir='ltr'><strong><em>cutum</em></strong></span> <span class='ocrx_word' id='word_1_230' title='bbox 430 3664 644 3758; x_wconf 83' lang='lat' dir='ltr'><strong><em>occeperit,</em></strong></span> <span class='ocrx_word' id='word_1_231' title='bbox 670 3685 749 3754; x_wconf 84' lang='lat' dir='ltr'><strong><em>non</em></strong></span> <span class='ocrx_word' id='word_1_232' title='bbox 763 3672 895 3758; x_wconf 85' lang='lat' dir='ltr'><strong><em>potest</em></strong></span> <span class='ocrx_word' id='word_1_233' title='bbox 916 3659 1020 3734; x_wconf 86' lang='lat' dir='ltr'><strong><em>illud</em></strong></span> <span class='ocrx_word' id='word_1_234' title='bbox 1029 3663 1170 3735; x_wconf 87' lang='lat' dir='ltr'><strong><em>sanari</em></strong></span> <span class='ocrx_word' id='word_1_235' title='bbox 1177 3713 1191 3754; x_wconf 82' lang='lat'><em>,</em></span> <span class='ocrx_word' id='word_1_236' title='bbox 1216 3663 1297 3734; x_wconf 89' lang='lat' dir='ltr'><strong><em>nisi</em></strong></span> <span class='ocrx_word' id='word_1_237' title='bbox 1314 3662 1524 3759; x_wconf 87' lang='lat' dir='ltr'><strong><em>applicato</em></strong></span> <span class='ocrx_word' id='word_1_238' title='bbox 1537 3663 1655 3736; x_wconf 77' lang='lat' dir='ltr'><strong><em>vitali</em></strong></span> <span class='ocrx_word' id='word_1_239' title='bbox 1673 3663 1745 3736; x_wconf 89' lang='lat' dir='ltr'><strong><em>illo</em></strong></span> 
     </span>
     <span class='ocr_line' id='line_1_25' title="bbox 123 3791 1746 3898; baseline 0.001 -32"><span class='ocrx_word' id='word_1_240' title='bbox 123 3791 286 3898; x_wconf 81' lang='lat' dir='ltr'><strong><em>lapide,</em></strong></span> <span class='ocrx_word' id='word_1_241' title='bbox 319 3793 382 3888; x_wconf 74' lang='lat' dir='ltr'><strong><em>qui</em></strong></span> <span class='ocrx_word' id='word_1_242' title='bbox 398 3792 539 3888; x_wconf 86' lang='lat' dir='ltr'><strong><em>gladio</em></strong></span> <span class='ocrx_word' id='word_1_243' title='bbox 562 3795 672 3868; x_wconf 87' lang='lat' dir='ltr'><strong><em>inest.</em></strong></span> <span class='ocrx_word' id='word_1_244' title='bbox 734 3791 967 3866; x_wconf 55' lang='lat' dir='ltr'><strong><em>morsellus</em></strong></span> <span class='ocrx_word' id='word_1_245' title='bbox 990 3815 1030 3864; x_wconf 91' lang='lat' dir='ltr'><strong><em>se</em></strong></span> <span class='ocrx_word' id='word_1_246' title='bbox 1045 3795 1130 3866; x_wconf 77' lang='lat' dir='ltr'><strong><em>lue</em></strong></span> <span class='ocrx_word' id='word_1_247' title='bbox 1145 3796 1298 3868; x_wconf 86' lang='lat' dir='ltr'><strong><em>monita</em></strong></span> <span class='ocrx_word' id='word_1_248' title='bbox 1318 3794 1411 3868; x_wconf 82' lang='lat' dir='ltr'><strong><em>bene</em></strong></span> <span class='ocrx_word' id='word_1_249' title='bbox 1425 3807 1746 3868; x_wconf 78' lang='lat' dir='ltr'><strong><em>conservaturum</em></strong></span> 
     </span>
     <span class='ocr_line' id='line_1_26' title="bbox 115 3897 1746 4022; baseline 0.001 -26"><span class='ocrx_word' id='word_1_250' title='bbox 115 3919 324 4022; x_wconf 86' lang='lat' dir='ltr'><strong><em>promisit.</em></strong></span> <span class='ocrx_word' id='word_1_251' title='bbox 353 3897 1232 4020; x_wconf 80' lang='lat' dir='ltr'><strong><em>Eiduseepotissimumautumareaffirmavit:</em></strong></span> <span class='ocrx_word' id='word_1_252' title='bbox 1247 3925 1384 3996; x_wconf 80' lang='lat' dir='ltr'><strong><em>Grimo</em></strong></span> <span class='ocrx_word' id='word_1_253' title='bbox 1394 3925 1604 3997; x_wconf 88' lang='lat' dir='ltr'><strong><em>latibulum</em></strong></span> <span class='ocrx_word' id='word_1_254' title='bbox 1614 3928 1746 3999; x_wconf 77' lang='lat' dir='ltr'><strong><em>esseio</em></strong></span> 
     </span>
     <span class='ocr_line' id='line_1_27' title="bbox 122 4053 1745 4152; baseline -0.001 -22"><span class='ocrx_word' id='word_1_255' title='bbox 122 4055 294 4130; x_wconf 87' lang='lat' dir='ltr'><strong><em>desertis</em></strong></span> <span class='ocrx_word' id='word_1_256' title='bbox 303 4053 511 4152; x_wconf 82' lang='lat' dir='ltr'><strong><em>Tcidoegro</em></strong></span> <span class='ocrx_word' id='word_1_257' title='bbox 521 4053 701 4127; x_wconf 86' lang='lat' dir='ltr'><strong><em>dictiscd</em></strong></span> <span class='ocrx_word' id='word_1_258' title='bbox 711 4054 921 4128; x_wconf 76' lang='lat' dir='ltr'><strong><em>Fiskiodtn.</em></strong></span> <span class='ocrx_word' id='word_1_259' title='bbox 971 4055 1125 4128; x_wconf 86' lang='lat' dir='ltr'><strong><em>Deinde</em></strong></span> <span class='ocrx_word' id='word_1_260' title='bbox 1139 4053 1745 4130; x_wconf 78' lang='lat' dir='ltr'><strong><em>Tlsorkelluslarealiacersusin</em></strong></span> 
     </span>
     <span class='ocr_line' id='line_1_28' title="bbox 122 4163 1824 4286; baseline -0.002 -24"><span class='ocrx_word' id='word_1_261' title='bbox 122 4184 508 4286; x_wconf 81' lang='lat' dir='ltr'><strong><em>desertcprofectus,</em></strong></span> <span class='ocrx_word' id='word_1_262' title='bbox 526 4185 732 4286; x_wconf 79' lang='lat' dir='ltr'><strong><em>chEidus</em></strong></span> <span class='ocrx_word' id='word_1_263' title='bbox 741 4185 805 4261; x_wconf 78' lang='lat' dir='ltr'><strong><em>illi</em></strong></span> <span class='ocrx_word' id='word_1_264' title='bbox 815 4186 1080 4274; x_wconf 75' lang='lat' dir='ltr'><strong><em>indicaveras,</em></strong></span> <span class='ocrx_word' id='word_1_265' title='bbox 1098 4201 1137 4261; x_wconf 83' lang='lat' dir='ltr'><strong><em>et</em></strong></span> <span class='ocrx_word' id='word_1_266' title='bbox 1146 4211 1261 4286; x_wconf 80' lang='lat' dir='ltr'><strong><em>qcum</em></strong></span> <span class='ocrx_word' id='word_1_267' title='bbox 1270 4190 1428 4284; x_wconf 85' lang='lat' dir='ltr'><strong><em>longum</em></strong></span> <span class='ocrx_word' id='word_1_268' title='bbox 1430 4189 1518 4282; x_wconf 87' lang='lat' dir='ltr'><strong><em>jam</em></strong></span> <span class='ocrx_word' id='word_1_269' title='bbox 1530 4187 1570 4258; x_wconf 92' lang='lat' dir='ltr'><strong><em>in</em></strong></span> <span class='ocrx_word' id='word_1_270' title='bbox 1581 4187 1664 4260; x_wconf 87' lang='lat' dir='ltr'><strong><em>illis</em></strong></span> <span class='ocrx_word' id='word_1_271' title='bbox 1671 4189 1746 4261; x_wconf 83' lang='lat' dir='ltr'><strong><em>tter</em></strong></span> <span class='ocrx_word' id='word_1_272' title='bbox 1815 4163 1824 4178; x_wconf 58' lang='lat'><em>⁰</em></span> 
     </span>
     <span class='ocr_line' id='line_1_29' title="bbox 122 4319 1742 4424; baseline 0.001 -28"><span class='ocrx_word' id='word_1_273' title='bbox 122 4333 431 4424; x_wconf 68' lang='lat' dir='ltr'><strong><em>emensusesset,</em></strong></span> <span class='ocrx_word' id='word_1_274' title='bbox 453 4321 495 4397; x_wconf 86' lang='lat' dir='ltr'><strong><em>in</em></strong></span> <span class='ocrx_word' id='word_1_275' title='bbox 504 4322 670 4422; x_wconf 75' lang='lat' dir='ltr'><strong><em>qvodan&#39;s</em></strong></span> <span class='ocrx_word' id='word_1_276' title='bbox 681 4321 766 4394; x_wconf 91' lang='lat' dir='ltr'><strong><em>loco</em></strong></span> <span class='ocrx_word' id='word_1_277' title='bbox 774 4341 960 4417; x_wconf 84' lang='lat' dir='ltr'><strong><em>magnum</em></strong></span> <span class='ocrx_word' id='word_1_278' title='bbox 968 4323 1169 4418; x_wconf 83' lang='lat' dir='ltr'><strong><em>tugurium</em></strong></span> <span class='ocrx_word' id='word_1_279' title='bbox 1179 4319 1401 4418; x_wconf 74' lang='lat' dir='ltr'><strong><em>conspexit,</em></strong></span> <span class='ocrx_word' id='word_1_280' title='bbox 1418 4333 1545 4418; x_wconf 66' lang='lat' dir='ltr'><strong><em>¹selges</em></strong></span> <span class='ocrx_word' id='word_1_281' title='bbox 1552 4347 1595 4398; x_wconf 91' lang='lat' dir='ltr'><strong><em>ec</em></strong></span> <span class='ocrx_word' id='word_1_282' title='bbox 1606 4321 1742 4397; x_wconf 79' lang='lat' dir='ltr'><strong><em>tendit.</em></strong></span> 
     </span>
    </p>
   </div>
   <div class='ocr_carea' id='block_1_3' title="bbox 766 4481 1101 4650">
    <p class='ocr_par' dir='ltr' id='par_1_3' title="bbox 766 4481 1101 4650">
     <span class='ocr_line' id='line_1_30' title="bbox 766 4481 1101 4650; baseline -0.006 0"><span class='ocrx_word' id='word_1_283' title='bbox 766 4481 911 4650; x_wconf 36' lang='lat' dir='ltr'><strong><em>essi</em></strong></span> <span class='ocrx_word' id='word_1_284' title='bbox 932 4511 1101 4649; x_wconf 73' lang='lat' dir='ltr'><strong><em>mu·</em></strong></span> 
     </span>
    </p>
   </div>
   <div class='ocr_carea' id='block_1_4' title="bbox 324 4669 1741 4821">
    <p class='ocr_par' dir='ltr' id='par_1_4' title="bbox 324 4669 1741 4821">
     <span class='ocr_line' id='line_1_31' title="bbox 324 4669 1741 4821; baseline -0.006 -25"><span class='ocrx_word' id='word_1_285' title='bbox 324 4684 448 4821; x_wconf 74' lang='lat' dir='ltr'><strong><em>Jorn</em></strong></span> <span class='ocrx_word' id='word_1_286' title='bbox 471 4721 701 4801; x_wconf 68' lang='lat' dir='ltr'><strong><em>licorlcellus</em></strong></span> <span class='ocrx_word' id='word_1_287' title='bbox 726 4721 784 4793; x_wconf 83' lang='lat' dir='ltr'><strong><em>acl</em></strong></span> <span class='ocrx_word' id='word_1_288' title='bbox 804 4721 1003 4818; x_wconf 84' lang='lat' dir='ltr'><strong><em>tugurium</em></strong></span> <span class='ocrx_word' id='word_1_289' title='bbox 1016 4719 1217 4818; x_wconf 80' lang='lat' dir='ltr'><strong><em>peruenit,</em></strong></span> <span class='ocrx_word' id='word_1_290' title='bbox 1237 4669 1528 4819; x_wconf 29' lang='lat' dir='ltr'><strong><em>&#39;conspexisses</em></strong></span> <span class='ocrx_word' id='word_1_291' title='bbox 1549 4718 1741 4793; x_wconf 76' lang='lat' dir='ltr'><strong><em>hominem</em></strong></span> 
     </span>
    </p>
   </div>
   <div class='ocr_carea' id='block_1_5' title="bbox 120 4847 1737 5054">
    <p class='ocr_par' dir='ltr' id='par_1_5' title="bbox 120 4847 1737 5054">
     <span class='ocr_line' id='line_1_32' title="bbox 120 4847 1737 4954; baseline -0.009 -20"><span class='ocrx_word' id='word_1_292' title='bbox 120 4855 235 4934; x_wconf 81' lang='lat' dir='ltr'><strong><em>lacui</em></strong></span> <span class='ocrx_word' id='word_1_293' title='bbox 250 4857 493 4936; x_wconf 80' lang='lat' dir='ltr'><strong><em>adsidentem</em></strong></span> <span class='ocrx_word' id='word_1_294' title='bbox 508 4855 564 4928; x_wconf 85' lang='lat' dir='ltr'><strong><em>cd</em></strong></span> <span class='ocrx_word' id='word_1_295' title='bbox 579 4847 698 4934; x_wconf 75' lang='lat' dir='ltr'><strong><em>rivuli</em></strong></span> <span class='ocrx_word' id='word_1_296' title='bbox 713 4855 915 4954; x_wconf 87' lang='lat' dir='ltr'><strong><em>cujusdam</em></strong></span> <span class='ocrx_word' id='word_1_297' title='bbox 937 4855 1098 4947; x_wconf 83' lang='lat' dir='ltr'><strong><em>ostium,</em></strong></span> <span class='ocrx_word' id='word_1_298' title='bbox 1120 4857 1331 4954; x_wconf 83' lang='lat' dir='ltr'><strong><em>captandis</em></strong></span> <span class='ocrx_word' id='word_1_299' title='bbox 1341 4851 1520 4950; x_wconf 84' lang='lat' dir='ltr'><strong><em>piscibus</em></strong></span> <span class='ocrx_word' id='word_1_300' title='bbox 1537 4852 1737 4922; x_wconf 83' lang='lat' dir='ltr'><strong><em>intentam.</em></strong></span> 
     </span>
     <span class='ocr_line' id='line_1_33' title="bbox 325 4984 1539 5054; baseline -0.01 10"><span class='ocrx_word' id='word_1_301' title='bbox 325 4993 330 5001; x_wconf 84' lang='lat'>&#39;</span> <span class='ocrx_word' id='word_1_302' title='bbox 1435 4985 1454 5054; x_wconf 94' lang='lat'><em>1</em></span> <span class='ocrx_word' id='word_1_303' title='bbox 1478 4984 1492 5052; x_wconf 86' lang='lat' dir='ltr'><strong><em>i</em></strong></span> <span class='ocrx_word' id='word_1_304' title='bbox 1518 5003 1539 5052; x_wconf 83' lang='lat' dir='ltr'><strong><em>s</em></strong></span> 
     </span>
    </p>
   </div>
   <div class='ocr_carea' id='block_1_6' title="bbox 0 0 2310 5834">
    <p class='ocr_par' dir='ltr' id='par_1_6' title="bbox 0 0 2310 5834">
     <span class='ocr_line' id='line_1_34' title="bbox 0 0 2310 5834; baseline 0 0"><span class='ocrx_word' id='word_1_305' title='bbox 0 0 2310 5834; x_wconf 95' lang='lat' dir='ltr'><strong><em> </em></strong></span> 
     </span>
    </p>
   </div>
  </div>
 </body>
</html>
